"Region","Sub-Category","Quarter","Month","Total_Sales","Total_Quantity","Safety_Stock","Safety_Stock_Value"
Central,Accessories,"2014Q1","2014-01",468.9,6,13.1,808.6
Central,Accessories,"2014Q1","2014-02",737.1,12,13.1,808.6
Central,Accessories,"2014Q1","2014-03",90.0,3,13.1,808.6
Central,Accessories,"2014Q2","2014-05",408.7,7,7.0,408.8
Central,Accessories,"2014Q3","2014-07",46.7,4,5.3,84.1
Central,Accessories,"2014Q3","2014-09",95.2,5,5.3,84.1
Central,Accessories,"2014Q4","2014-11",105.0,4,17.2,377.8
Central,Accessories,"2014Q4","2014-12",288.7,14,17.2,377.8
Central,Accessories,"2015Q1","2015-01",108.8,4,11.4,391.9
Central,Accessories,"2015Q1","2015-02",98.1,10,11.4,391.9
Central,Accessories,"2015Q1","2015-03",548.4,8,11.4,391.9
Central,Accessories,"2015Q2","2015-04",134.4,3,4.3,110.3
Central,Accessories,"2015Q2","2015-06",44.0,4,4.3,110.3
Central,Accessories,"2015Q3","2015-07",384.0,6,19.7,1183.5
Central,Accessories,"2015Q3","2015-08",2.4,3,19.7,1183.5
Central,Accessories,"2015Q3","2015-09",1234.2,18,19.7,1183.5
Central,Accessories,"2015Q4","2015-11",335.2,13,15.9,334.4
Central,Accessories,"2015Q4","2015-12",22.4,4,15.9,334.4
Central,Accessories,"2016Q1","2016-01",147.6,6,26.1,528.9
Central,Accessories,"2016Q1","2016-02",159.6,5,26.1,528.9
Central,Accessories,"2016Q1","2016-03",404.7,24,26.1,528.9
Central,Accessories,"2016Q2","2016-04",280.0,5,6.3,251.1
Central,Accessories,"2016Q2","2016-05",172.0,5,6.3,251.1
Central,Accessories,"2016Q2","2016-06",26.2,2,6.3,251.1
Central,Accessories,"2016Q3","2016-08",517.5,16,19.2,521.7
Central,Accessories,"2016Q3","2016-09",79.0,6,19.2,521.7
Central,Accessories,"2016Q4","2016-10",279.9,7,7.5,685.5
Central,Accessories,"2016Q4","2016-11",141.9,6,7.5,685.5
Central,Accessories,"2016Q4","2016-12",1399.9,7,7.5,685.5
Central,Accessories,"2017Q1","2017-01",123.9,4,11.0,1217.7
Central,Accessories,"2017Q1","2017-02",1969.5,10,11.0,1217.7
Central,Accessories,"2017Q1","2017-03",240.6,7,11.0,1217.7
Central,Accessories,"2017Q2","2017-04",542.8,6,11.6,696.6
Central,Accessories,"2017Q2","2017-05",179.2,5,11.6,696.6
Central,Accessories,"2017Q2","2017-06",600.7,11,11.6,696.6
Central,Accessories,"2017Q3","2017-07",310.4,12,12.5,347.6
Central,Accessories,"2017Q3","2017-08",263.3,9,12.5,347.6
Central,Accessories,"2017Q3","2017-09",232.9,8,12.5,347.6
Central,Accessories,"2017Q4","2017-10",637.9,18,19.3,983.3
Central,Accessories,"2017Q4","2017-11",116.3,7,19.3,983.3
Central,Accessories,"2017Q4","2017-12",876.6,7,19.3,983.3
Central,Appliances,"2014Q1","2014-01",1568.8,10,11.1,1390.8
Central,Appliances,"2014Q1","2014-02",2.4,1,11.1,1390.8
Central,Appliances,"2014Q1","2014-03",176.8,3,11.1,1390.8
Central,Appliances,"2014Q2","2014-06",14.0,4,4.0,14.0
Central,Appliances,"2014Q3","2014-07",245.9,6,9.4,360.0
Central,Appliances,"2014Q3","2014-08",345.5,8,9.4,360.0
Central,Appliances,"2014Q3","2014-09",20.4,2,9.4,360.0
Central,Appliances,"2015Q1","2015-02",65.0,6,6.0,64.8
Central,Appliances,"2015Q2","2015-04",644.1,2,15.2,965.3
Central,Appliances,"2015Q2","2015-05",241.7,12,15.2,965.3
Central,Appliances,"2015Q3","2015-07",463.2,8,12.3,587.2
Central,Appliances,"2015Q3","2015-08",143.1,2,12.3,587.2
Central,Appliances,"2015Q3","2015-09",347.9,10,12.3,587.2
Central,Appliances,"2015Q4","2015-10",839.7,14,17.9,1077.6
Central,Appliances,"2015Q4","2015-11",123.9,2,17.9,1077.6
Central,Appliances,"2016Q1","2016-01",388.4,8,9.6,362.9
Central,Appliances,"2016Q1","2016-03",26.4,3,9.6,362.9
Central,Appliances,"2016Q2","2016-05",62.8,3,12.3,186.6
Central,Appliances,"2016Q2","2016-06",134.7,10,12.3,186.6
Central,Appliances,"2016Q3","2016-08",207.1,3,17.6,395.4
Central,Appliances,"2016Q3","2016-09",175.4,14,17.6,395.4
Central,Appliances,"2016Q4","2016-12",102.1,6,6.0,102.0
Central,Appliances,"2017Q1","2017-01",2420.4,10,32.5,2501.2
Central,Appliances,"2017Q1","2017-02",426.7,27,32.5,2501.2
Central,Appliances,"2017Q2","2017-05",61.4,3,3.0,61.5
Central,Appliances,"2017Q3","2017-07",87.4,2,12.1,841.3
Central,Appliances,"2017Q3","2017-08",1091.4,5,12.1,841.3
Central,Appliances,"2017Q3","2017-09",71.5,11,12.1,841.3
Central,Appliances,"2017Q4","2017-10",58.2,5,5.3,36.2
Central,Appliances,"2017Q4","2017-11",2.9,4,5.3,36.2
Central,Art,"2014Q1","2014-01",46.6,4,8.0,45.5
Central,Art,"2014Q1","2014-02",16.5,7,8.0,45.5
Central,Art,"2014Q2","2014-04",117.2,6,6.3,90.4
Central,Art,"2014Q2","2014-05",40.6,5,6.3,90.4
Central,Art,"2014Q3","2014-07",21.9,3,9.6,86.3
Central,Art,"2014Q3","2014-08",42.0,9,9.6,86.3
Central,Art,"2014Q3","2014-09",79.7,4,9.6,86.3
Central,Art,"2014Q4","2014-10",3.9,2,8.6,63.6
Central,Art,"2014Q4","2014-11",67.6,3,8.6,63.6
Central,Art,"2014Q4","2014-12",25.0,8,8.6,63.6
Central,Art,"2015Q1","2015-01",59.0,4,4.7,44.5
Central,Art,"2015Q1","2015-02",10.2,1,4.7,44.5
Central,Art,"2015Q1","2015-03",7.1,3,4.7,44.5
Central,Art,"2015Q2","2015-04",125.9,7,10.8,127.3
Central,Art,"2015Q2","2015-05",45.0,2,10.8,127.3
Central,Art,"2015Q2","2015-06",42.0,9,10.8,127.3
Central,Art,"2015Q3","2015-07",23.6,3,5.6,31.6
Central,Art,"2015Q3","2015-08",24.2,5,5.6,31.6
Central,Art,"2015Q3","2015-09",2.2,1,5.6,31.6
Central,Art,"2015Q4","2015-10",78.5,10,12.3,81.0
Central,Art,"2015Q4","2015-12",6.9,3,12.3,81.0
Central,Art,"2016Q1","2016-01",12.0,2,10.1,148.2
Central,Art,"2016Q1","2016-02",120.3,5,10.1,148.2
Central,Art,"2016Q1","2016-03",103.3,9,10.1,148.2
Central,Art,"2016Q2","2016-04",73.7,6,7.3,126.7
Central,Art,"2016Q2","2016-05",151.2,7,7.3,126.7
Central,Art,"2016Q3","2016-08",131.9,10,10.6,94.8
Central,Art,"2016Q3","2016-09",28.8,8,10.6,94.8
Central,Art,"2016Q4","2016-10",167.8,8,21.4,143.5
Central,Art,"2016Q4","2016-11",47.2,11,21.4,143.5
Central,Art,"2016Q4","2016-12",45.7,20,21.4,143.5
Central,Art,"2017Q1","2017-01",19.4,10,25.7,141.4
Central,Art,"2017Q1","2017-02",183.0,24,25.7,141.4
Central,Art,"2017Q1","2017-03",27.7,8,25.7,141.4
Central,Art,"2017Q2","2017-04",78.0,24,27.2,119.5
Central,Art,"2017Q2","2017-05",7.1,5,27.2,119.5
Central,Art,"2017Q2","2017-06",102.9,14,27.2,119.5
Central,Art,"2017Q3","2017-09",110.7,17,17.0,110.5
Central,Art,"2017Q4","2017-11",226.6,20,20.0,226.0
Central,Binders,"2014Q1","2014-01",142.2,7,8.7,77.3
Central,Binders,"2014Q1","2014-02",26.7,5,8.7,77.3
Central,Binders,"2014Q1","2014-03",9.5,8,8.7,77.3
Central,Binders,"2014Q2","2014-04",50.3,6,6.5,45.7
Central,Binders,"2014Q2","2014-05",40.2,5,6.5,45.7
Central,Binders,"2014Q2","2014-06",28.9,6,6.5,45.7
Central,Binders,"2014Q3","2014-07",449.4,34,43.8,577.5
Central,Binders,"2014Q3","2014-08",51.2,4,43.8,577.5
Central,Binders,"2014Q4","2014-10",12.9,6,21.6,1002.2
Central,Binders,"2014Q4","2014-11",1064.3,20,21.6,1002.2
Central,Binders,"2014Q4","2014-12",547.5,9,21.6,1002.2
Central,Binders,"2015Q1","2015-01",412.4,18,20.6,331.7
Central,Binders,"2015Q1","2015-02",38.5,10,20.6,331.7
Central,Binders,"2015Q2","2015-04",45.1,5,30.4,170.2
Central,Binders,"2015Q2","2015-05",205.1,21,30.4,170.2
Central,Binders,"2015Q2","2015-06",28.5,24,30.4,170.2
Central,Binders,"2015Q3","2015-07",60.5,14,15.7,77.2
Central,Binders,"2015Q3","2015-08",63.0,11,15.7,77.2
Central,Binders,"2015Q3","2015-09",28.0,6,15.7,77.2
Central,Binders,"2015Q4","2015-10",140.6,10,10.9,121.1
Central,Binders,"2015Q4","2015-11",23.0,2,10.9,121.1
Central,Binders,"2015Q4","2015-12",14.5,4,10.9,121.1
Central,Binders,"2016Q1","2016-01",80.0,14,20.9,453.7
Central,Binders,"2016Q1","2016-02",868.7,20,20.9,453.7
Central,Binders,"2016Q1","2016-03",50.1,12,20.9,453.7
Central,Binders,"2016Q2","2016-04",132.4,8,17.1,224.6
Central,Binders,"2016Q2","2016-05",292.6,16,17.1,224.6
Central,Binders,"2016Q2","2016-06",33.8,11,17.1,224.6
Central,Binders,"2016Q3","2016-08",1203.7,20,22.6,876.9
Central,Binders,"2016Q3","2016-09",37.0,12,22.6,876.9
Central,Binders,"2016Q4","2016-11",148.4,22,28.5,196.6
Central,Binders,"2016Q4","2016-12",17.4,2,28.5,196.6
Central,Binders,"2017Q1","2017-01",267.3,19,21.6,1072.8
Central,Binders,"2017Q1","2017-02",78.9,16,21.6,1072.8
Central,Binders,"2017Q1","2017-03",1836.6,9,21.6,1072.8
Central,Binders,"2017Q2","2017-04",22.8,22,33.5,304.9
Central,Binders,"2017Q2","2017-05",550.3,30,33.5,304.9
Central,Binders,"2017Q2","2017-06",12.3,12,33.5,304.9
Central,Binders,"2017Q3","2017-07",3510.3,22,36.3,2681.5
Central,Binders,"2017Q3","2017-08",42.6,7,36.3,2681.5
Central,Binders,"2017Q3","2017-09",872.8,31,36.3,2681.5
Central,Binders,"2017Q4","2017-10",827.0,12,26.6,1459.8
Central,Binders,"2017Q4","2017-11",962.1,25,26.6,1459.8
Central,Binders,"2017Q4","2017-12",791.5,10,26.6,1459.8
Central,Bookcases,"2014Q4","2014-12",68.0,1,1.0,68.0
Central,Bookcases,"2015Q1","2015-01",1228.0,6,10.0,1715.7
Central,Bookcases,"2015Q1","2015-03",1352.4,9,10.0,1715.7
Central,Bookcases,"2015Q2","2015-06",369.2,3,3.0,369.3
Central,Bookcases,"2015Q3","2015-08",512.9,3,5.6,847.5
Central,Bookcases,"2015Q3","2015-09",687.4,5,5.6,847.5
Central,Bookcases,"2016Q1","2016-02",781.9,10,12.0,836.5
Central,Bookcases,"2016Q1","2016-03",198.7,4,12.0,836.5
Central,Bookcases,"2016Q2","2016-05",956.7,7,7.0,956.9
Central,Bookcases,"2016Q3","2016-08",4368.0,17,17.0,4367.3
Central,Bookcases,"2016Q4","2016-10",342.0,2,2.0,342.0
Central,Bookcases,"2017Q1","2017-03",183.4,2,2.0,183.4
Central,Bookcases,"2017Q2","2017-04",825.2,9,9.6,873.3
Central,Bookcases,"2017Q2","2017-06",623.5,7,9.6,873.3
Central,Bookcases,"2017Q3","2017-08",459.9,4,4.0,460.0
Central,Chairs,"2014Q1","2014-01",6480.1,30,38.8,7917.9
Central,Chairs,"2014Q1","2014-03",258.3,3,38.8,7917.9
Central,Chairs,"2014Q2","2014-05",127.9,3,3.0,127.8
Central,Chairs,"2014Q3","2014-07",845.1,6,16.6,2948.2
Central,Chairs,"2014Q3","2014-08",2706.8,14,16.6,2948.2
Central,Chairs,"2014Q4","2014-10",563.9,3,14.1,2328.9
Central,Chairs,"2014Q4","2014-11",2071.8,13,14.1,2328.9
Central,Chairs,"2014Q4","2014-12",512.4,3,14.1,2328.9
Central,Chairs,"2015Q1","2015-02",790.5,8,8.0,790.4
Central,Chairs,"2015Q3","2015-07",47.5,2,7.6,825.6
Central,Chairs,"2015Q3","2015-08",860.9,7,7.6,825.6
Central,Chairs,"2015Q3","2015-09",390.0,3,7.6,825.6
Central,Chairs,"2015Q4","2015-10",371.8,3,11.0,689.8
Central,Chairs,"2015Q4","2015-12",383.6,9,11.0,689.8
Central,Chairs,"2016Q1","2016-01",333.7,7,14.9,1813.7
Central,Chairs,"2016Q1","2016-02",2350.1,14,14.9,1813.7
Central,Chairs,"2016Q1","2016-03",593.4,6,14.9,1813.7
Central,Chairs,"2016Q2","2016-05",2542.6,18,18.0,2543.4
Central,Chairs,"2016Q3","2016-07",253.4,2,13.9,1361.9
Central,Chairs,"2016Q3","2016-08",1017.5,11,13.9,1361.9
Central,Chairs,"2016Q4","2016-10",1424.9,5,5.3,1092.8
Central,Chairs,"2016Q4","2016-11",48.0,2,5.3,1092.8
Central,Chairs,"2016Q4","2016-12",379.4,2,5.3,1092.8
Central,Chairs,"2017Q1","2017-01",3051.9,20,26.2,4028.3
Central,Chairs,"2017Q1","2017-03",181.0,1,26.2,4028.3
Central,Chairs,"2017Q3","2017-07",1962.1,8,8.3,1439.1
Central,Chairs,"2017Q3","2017-08",213.4,5,8.3,1439.1
Central,Chairs,"2017Q3","2017-09",1127.0,6,8.3,1439.1
Central,Chairs,"2017Q4","2017-10",239.4,3,15.2,812.2
Central,Chairs,"2017Q4","2017-11",520.5,2,15.2,812.2
Central,Chairs,"2017Q4","2017-12",254.6,14,15.2,812.2
Central,Copiers,"2014Q3","2014-08",550.0,1,1.0,550.0
Central,Copiers,"2015Q2","2015-04",600.0,2,2.0,800.0
Central,Copiers,"2015Q2","2015-06",1000.0,2,2.0,800.0
Central,Copiers,"2015Q4","2015-10",550.0,1,1.0,550.0
Central,Copiers,"2016Q1","2016-02",17500.0,5,5.0,17500.0
Central,Copiers,"2017Q3","2017-08",320.0,2,2.0,320.0
Central,Envelopes,"2014Q1","2014-03",15.3,2,2.0,15.2
Central,Envelopes,"2014Q2","2014-06",14.0,2,2.0,14.0
Central,Envelopes,"2014Q3","2014-07",74.4,3,3.0,56.4
Central,Envelopes,"2014Q3","2014-08",38.3,3,3.0,56.4
Central,Envelopes,"2015Q1","2015-02",101.9,6,7.3,99.3
Central,Envelopes,"2015Q1","2015-03",6.6,2,7.3,99.3
Central,Envelopes,"2015Q2","2015-05",12.2,2,2.0,12.2
Central,Envelopes,"2015Q3","2015-09",84.2,10,10.0,84.0
Central,Envelopes,"2015Q4","2015-12",223.9,7,7.0,224.0
Central,Envelopes,"2016Q1","2016-03",133.8,8,8.0,133.6
Central,Envelopes,"2016Q2","2016-04",76.3,9,11.0,205.9
Central,Envelopes,"2016Q2","2016-05",149.4,3,11.0,205.9
Central,Envelopes,"2016Q4","2016-10",7.1,2,8.6,282.7
Central,Envelopes,"2016Q4","2016-11",99.6,2,8.6,282.7
Central,Envelopes,"2016Q4","2016-12",287.5,8,8.6,282.7
Central,Envelopes,"2017Q1","2017-01",28.4,5,5.0,28.5
Central,Envelopes,"2017Q3","2017-09",17.5,2,2.0,17.6
Central,Envelopes,"2017Q4","2017-10",70.1,6,6.6,66.3
Central,Envelopes,"2017Q4","2017-11",7.3,1,6.6,66.3
Central,Envelopes,"2017Q4","2017-12",12.2,2,6.6,66.3
Central,Fasteners,"2014Q1","2014-01",18.8,5,7.6,24.5
Central,Fasteners,"2014Q1","2014-03",19.4,7,7.6,24.5
Central,Fasteners,"2014Q2","2014-04",5.5,6,6.0,5.4
Central,Fasteners,"2014Q3","2014-07",13.2,5,5.0,13.0
Central,Fasteners,"2014Q4","2014-12",3.5,2,2.0,3.6
Central,Fasteners,"2015Q2","2015-04",5.8,2,7.3,11.7
Central,Fasteners,"2015Q2","2015-05",7.1,6,7.3,11.7
Central,Fasteners,"2015Q3","2015-08",5.8,1,1.0,5.8
Central,Fasteners,"2016Q1","2016-02",1.8,1,1.0,2.0
Central,Fasteners,"2016Q1","2016-03",2.3,1,1.0,2.0
Central,Fasteners,"2016Q2","2016-05",44.2,17,17.0,44.2
Central,Fasteners,"2016Q3","2016-07",2.6,1,5.0,13.9
Central,Fasteners,"2016Q3","2016-08",11.2,4,5.0,13.9
Central,Fasteners,"2017Q1","2017-01",52.3,9,9.6,52.1
Central,Fasteners,"2017Q1","2017-02",34.2,7,9.6,52.1
Central,Fasteners,"2017Q2","2017-05",7.9,2,2.0,8.0
Central,Fasteners,"2017Q3","2017-07",3.6,3,5.6,35.0
Central,Fasteners,"2017Q3","2017-08",45.9,5,5.6,35.0
Central,Fasteners,"2017Q4","2017-11",56.4,8,8.0,56.0
Central,Furnishings,"2014Q1","2014-01",63.6,6,11.1,113.1
Central,Furnishings,"2014Q1","2014-02",98.3,10,11.1,113.1
Central,Furnishings,"2014Q1","2014-03",31.8,3,11.1,113.1
Central,Furnishings,"2014Q2","2014-04",5.5,1,7.6,44.2
Central,Furnishings,"2014Q2","2014-06",34.8,6,7.6,44.2
Central,Furnishings,"2014Q3","2014-07",956.3,12,14.0,782.6
Central,Furnishings,"2014Q3","2014-08",53.9,6,14.0,782.6
Central,Furnishings,"2014Q4","2014-11",77.1,6,14.0,138.1
Central,Furnishings,"2014Q4","2014-12",100.5,12,14.0,138.1
Central,Furnishings,"2015Q1","2015-01",6.7,4,4.6,27.4
Central,Furnishings,"2015Q1","2015-03",28.4,2,4.6,27.4
Central,Furnishings,"2015Q2","2015-04",22.3,7,9.6,29.0
Central,Furnishings,"2015Q2","2015-05",25.6,9,9.6,29.0
Central,Furnishings,"2015Q3","2015-07",65.0,5,13.2,471.0
Central,Furnishings,"2015Q3","2015-08",569.8,12,13.2,471.0
Central,Furnishings,"2015Q3","2015-09",40.8,2,13.2,471.0
Central,Furnishings,"2015Q4","2015-10",29.2,3,5.6,41.8
Central,Furnishings,"2015Q4","2015-12",29.7,5,5.6,41.8
Central,Furnishings,"2016Q1","2016-01",59.2,8,13.4,229.9
Central,Furnishings,"2016Q1","2016-02",158.1,4,13.4,229.9
Central,Furnishings,"2016Q1","2016-03",193.2,12,13.4,229.9
Central,Furnishings,"2016Q2","2016-04",512.9,18,19.6,510.5
Central,Furnishings,"2016Q2","2016-05",33.4,4,19.6,510.5
Central,Furnishings,"2016Q2","2016-06",159.0,5,19.6,510.5
Central,Furnishings,"2016Q3","2016-07",127.8,16,20.6,235.0
Central,Furnishings,"2016Q3","2016-08",256.8,15,20.6,235.0
Central,Furnishings,"2016Q3","2016-09",15.0,4,20.6,235.0
Central,Furnishings,"2016Q4","2016-10",51.3,6,12.6,64.2
Central,Furnishings,"2016Q4","2016-11",12.5,7,12.6,64.2
Central,Furnishings,"2016Q4","2016-12",63.2,12,12.6,64.2
Central,Furnishings,"2017Q1","2017-01",141.4,5,16.2,261.3
Central,Furnishings,"2017Q1","2017-02",166.5,15,16.2,261.3
Central,Furnishings,"2017Q1","2017-03",144.2,8,16.2,261.3
Central,Furnishings,"2017Q2","2017-04",133.8,11,11.6,271.4
Central,Furnishings,"2017Q2","2017-05",332.0,9,11.6,271.4
Central,Furnishings,"2017Q3","2017-07",135.3,5,10.8,631.9
Central,Furnishings,"2017Q3","2017-08",602.0,7,10.8,631.9
Central,Furnishings,"2017Q3","2017-09",554.4,10,10.8,631.9
Central,Furnishings,"2017Q4","2017-10",463.3,7,8.6,334.0
Central,Furnishings,"2017Q4","2017-11",85.7,2,8.6,334.0
Central,Furnishings,"2017Q4","2017-12",31.7,6,8.6,334.0
Central,Labels,"2014Q1","2014-03",42.4,13,13.0,42.9
Central,Labels,"2014Q2","2014-04",11.8,3,12.3,105.6
Central,Labels,"2014Q2","2014-06",100.2,10,12.3,105.6
Central,Labels,"2014Q3","2014-09",103.6,7,7.0,103.6
Central,Labels,"2014Q4","2014-10",491.6,5,5.6,357.6
Central,Labels,"2014Q4","2014-11",14.9,3,5.6,357.6
Central,Labels,"2015Q1","2015-01",28.9,7,7.6,29.0
Central,Labels,"2015Q1","2015-02",8.9,3,7.6,29.0
Central,Labels,"2015Q1","2015-03",7.5,2,7.6,29.0
Central,Labels,"2015Q2","2015-05",19.8,6,7.0,42.5
Central,Labels,"2015Q2","2015-06",35.5,3,7.0,42.5
Central,Labels,"2015Q3","2015-09",40.1,4,4.0,40.0
Central,Labels,"2015Q4","2015-10",47.8,6,6.0,48.0
Central,Labels,"2016Q1","2016-02",34.3,7,7.0,34.3
Central,Labels,"2016Q2","2016-05",97.6,16,16.0,97.6
Central,Labels,"2016Q3","2016-08",60.1,6,6.0,60.0
Central,Labels,"2016Q4","2016-11",6.0,2,2.0,6.0
Central,Labels,"2017Q1","2017-03",14.9,3,3.0,15.0
Central,Labels,"2017Q2","2017-04",26.1,3,11.9,140.4
Central,Labels,"2017Q2","2017-05",158.3,11,11.9,140.4
Central,Labels,"2017Q2","2017-06",4.9,2,11.9,140.4
Central,Labels,"2017Q3","2017-08",61.1,2,4.6,54.9
Central,Labels,"2017Q3","2017-09",9.9,4,4.6,54.9
Central,Labels,"2017Q4","2017-11",10.4,5,5.0,10.5
Central,Machines,"2014Q1","2014-02",559.7,3,3.0,559.8
Central,Machines,"2014Q3","2014-08",8160.0,8,8.0,8160.0
Central,Machines,"2015Q3","2015-07",287.9,3,3.0,288.0
Central,Machines,"2016Q1","2016-02",1362.9,3,3.0,825.3
Central,Machines,"2016Q1","2016-03",287.9,3,3.0,825.3
Central,Machines,"2016Q4","2016-12",1008.0,3,3.0,1008.0
Central,Machines,"2017Q1","2017-01",1440.0,3,3.0,1018.5
Central,Machines,"2017Q1","2017-03",597.1,3,3.0,1018.5
Central,Machines,"2017Q3","2017-07",3060.0,2,2.0,3060.0
Central,Paper,"2014Q1","2014-01",138.1,22,24.9,147.0
Central,Paper,"2014Q1","2014-02",60.2,12,24.9,147.0
Central,Paper,"2014Q1","2014-03",25.9,4,24.9,147.0
Central,Paper,"2014Q3","2014-07",13.0,2,10.0,144.9
Central,Paper,"2014Q3","2014-08",200.0,8,10.0,144.9
Central,Paper,"2014Q3","2014-09",33.5,7,10.0,144.9
Central,Paper,"2014Q4","2014-10",51.1,8,27.6,267.6
Central,Paper,"2014Q4","2014-11",311.9,18,27.6,267.6
Central,Paper,"2014Q4","2014-12",120.6,24,27.6,267.6
Central,Paper,"2015Q1","2015-01",61.7,13,14.3,70.0
Central,Paper,"2015Q1","2015-02",11.2,2,14.3,70.0
Central,Paper,"2015Q1","2015-03",10.4,2,14.3,70.0
Central,Paper,"2015Q2","2015-04",125.9,12,12.8,140.6
Central,Paper,"2015Q2","2015-05",47.4,5,12.8,140.6
Central,Paper,"2015Q2","2015-06",91.9,7,12.8,140.6
Central,Paper,"2015Q3","2015-07",92.6,6,19.3,329.7
Central,Paper,"2015Q3","2015-08",391.4,18,19.3,329.7
Central,Paper,"2015Q3","2015-09",64.3,8,19.3,329.7
Central,Paper,"2015Q4","2015-10",14.9,3,12.3,149.8
Central,Paper,"2015Q4","2015-12",143.5,10,12.3,149.8
Central,Paper,"2016Q1","2016-01",71.9,7,18.3,102.4
Central,Paper,"2016Q1","2016-02",72.3,17,18.3,102.4
Central,Paper,"2016Q1","2016-03",19.5,5,18.3,102.4
Central,Paper,"2016Q2","2016-04",25.9,5,9.6,60.7
Central,Paper,"2016Q2","2016-05",45.5,9,9.6,60.7
Central,Paper,"2016Q2","2016-06",41.9,4,9.6,60.7
Central,Paper,"2016Q3","2016-07",49.6,14,15.1,131.6
Central,Paper,"2016Q3","2016-08",64.5,5,15.1,131.6
Central,Paper,"2016Q3","2016-09",86.0,4,15.1,131.6
Central,Paper,"2016Q4","2016-11",32.4,5,26.2,482.1
Central,Paper,"2016Q4","2016-12",447.1,21,26.2,482.1
Central,Paper,"2017Q1","2017-01",177.4,14,29.7,718.6
Central,Paper,"2017Q1","2017-02",174.6,7,29.7,718.6
Central,Paper,"2017Q1","2017-03",809.9,27,29.7,718.6
Central,Paper,"2017Q2","2017-04",107.3,5,29.3,507.5
Central,Paper,"2017Q2","2017-05",321.3,27,29.3,507.5
Central,Paper,"2017Q2","2017-06",248.0,7,29.3,507.5
Central,Paper,"2017Q3","2017-07",88.6,12,23.7,220.7
Central,Paper,"2017Q3","2017-08",174.8,19,23.7,220.7
Central,Paper,"2017Q3","2017-09",221.2,21,23.7,220.7
Central,Paper,"2017Q4","2017-10",212.5,12,14.3,187.6
Central,Paper,"2017Q4","2017-11",48.0,13,14.3,187.6
Central,Paper,"2017Q4","2017-12",249.5,14,14.3,187.6
Central,Phones,"2014Q1","2014-02",88.8,3,4.3,351.6
Central,Phones,"2014Q1","2014-03",480.0,4,4.3,351.6
Central,Phones,"2014Q2","2014-06",35.0,4,4.0,35.2
Central,Phones,"2014Q3","2014-07",301.6,6,7.6,479.2
Central,Phones,"2014Q3","2014-08",444.0,5,7.6,479.2
Central,Phones,"2014Q3","2014-09",8.0,1,7.6,479.2
Central,Phones,"2014Q4","2014-10",1475.9,13,17.0,1931.8
Central,Phones,"2014Q4","2014-11",1824.8,16,17.0,1931.8
Central,Phones,"2015Q1","2015-01",437.7,8,9.0,649.8
Central,Phones,"2015Q1","2015-02",503.1,5,9.0,649.8
Central,Phones,"2015Q2","2015-04",2057.3,12,14.6,1928.7
Central,Phones,"2015Q2","2015-05",55.8,4,14.6,1928.7
Central,Phones,"2015Q3","2015-08",3250.2,23,28.5,3579.9
Central,Phones,"2015Q3","2015-09",389.0,6,28.5,3579.9
Central,Phones,"2015Q4","2015-11",126.0,1,39.4,3556.1
Central,Phones,"2015Q4","2015-12",2671.2,30,39.4,3556.1
Central,Phones,"2016Q1","2016-01",91.7,4,18.6,1075.5
Central,Phones,"2016Q1","2016-03",1007.7,15,18.6,1075.5
Central,Phones,"2016Q2","2016-04",32.0,2,18.7,1123.6
Central,Phones,"2016Q2","2016-05",812.8,17,18.7,1123.6
Central,Phones,"2016Q2","2016-06",657.8,6,18.7,1123.6
Central,Phones,"2016Q3","2016-07",21.1,3,28.5,2265.4
Central,Phones,"2016Q3","2016-08",2136.1,26,28.5,2265.4
Central,Phones,"2016Q3","2016-09",547.9,5,28.5,2265.4
Central,Phones,"2016Q4","2016-10",941.9,7,14.7,1133.9
Central,Phones,"2016Q4","2016-11",552.7,14,14.7,1133.9
Central,Phones,"2016Q4","2016-12",657.9,7,14.7,1133.9
Central,Phones,"2017Q1","2017-01",447.8,9,10.6,2174.9
Central,Phones,"2017Q1","2017-02",3679.8,8,10.6,2174.9
Central,Phones,"2017Q1","2017-03",168.0,4,10.6,2174.9
Central,Phones,"2017Q2","2017-04",383.8,4,13.3,1262.5
Central,Phones,"2017Q2","2017-05",1043.1,11,13.3,1262.5
Central,Phones,"2017Q3","2017-08",381.6,3,3.0,381.6
Central,Phones,"2017Q4","2017-10",1601.7,13,14.4,1283.5
Central,Phones,"2017Q4","2017-11",188.8,4,14.4,1283.5
Central,Phones,"2017Q4","2017-12",437.5,8,14.4,1283.5
Central,Storage,"2014Q1","2014-01",433.6,8,8.6,928.6
Central,Storage,"2014Q1","2014-02",838.4,2,8.6,928.6
Central,Storage,"2014Q1","2014-03",132.7,3,8.6,928.6
Central,Storage,"2014Q2","2014-04",272.7,3,35.1,1853.8
Central,Storage,"2014Q2","2014-05",1363.8,32,35.1,1853.8
Central,Storage,"2014Q2","2014-06",421.5,4,35.1,1853.8
Central,Storage,"2014Q3","2014-07",186.5,17,18.5,563.3
Central,Storage,"2014Q3","2014-08",336.3,5,18.5,563.3
Central,Storage,"2014Q3","2014-09",237.1,3,18.5,563.3
Central,Storage,"2014Q4","2014-10",598.3,6,8.6,661.8
Central,Storage,"2014Q4","2014-11",730.8,8,8.6,661.8
Central,Storage,"2014Q4","2014-12",49.6,4,8.6,661.8
Central,Storage,"2015Q1","2015-02",504.1,8,8.0,504.0
Central,Storage,"2015Q2","2015-05",93.9,9,11.0,697.5
Central,Storage,"2015Q2","2015-06",670.8,3,11.0,697.5
Central,Storage,"2015Q3","2015-07",262.4,4,5.0,283.1
Central,Storage,"2015Q3","2015-09",22.0,1,5.0,283.1
Central,Storage,"2015Q4","2015-10",1509.8,8,11.8,1158.5
Central,Storage,"2015Q4","2015-11",464.7,10,11.8,1158.5
Central,Storage,"2015Q4","2015-12",89.3,3,11.8,1158.5
Central,Storage,"2016Q1","2016-01",111.7,9,11.6,129.1
Central,Storage,"2016Q1","2016-02",99.3,10,11.6,129.1
Central,Storage,"2016Q1","2016-03",54.5,5,11.6,129.1
Central,Storage,"2016Q2","2016-04",535.4,3,18.7,960.1
Central,Storage,"2016Q2","2016-05",530.7,17,18.7,960.1
Central,Storage,"2016Q2","2016-06",10.8,1,18.7,960.1
Central,Storage,"2016Q3","2016-07",314.1,3,8.1,677.6
Central,Storage,"2016Q3","2016-08",167.1,7,8.1,677.6
Central,Storage,"2016Q3","2016-09",856.7,6,8.1,677.6
Central,Storage,"2016Q4","2016-10",338.0,3,13.6,420.2
Central,Storage,"2016Q4","2016-12",94.4,11,13.6,420.2
Central,Storage,"2017Q1","2017-01",1168.6,20,21.7,1407.1
Central,Storage,"2017Q1","2017-02",724.5,5,21.7,1407.1
Central,Storage,"2017Q1","2017-03",52.4,5,21.7,1407.1
Central,Storage,"2017Q2","2017-04",139.8,7,13.8,759.0
Central,Storage,"2017Q2","2017-05",372.2,13,13.8,759.0
Central,Storage,"2017Q2","2017-06",1081.2,9,13.8,759.0
Central,Storage,"2017Q3","2017-07",203.7,4,15.9,1105.2
Central,Storage,"2017Q3","2017-09",976.9,13,15.9,1105.2
Central,Storage,"2017Q4","2017-10",584.8,9,13.7,877.7
Central,Storage,"2017Q4","2017-11",74.4,2,13.7,877.7
Central,Storage,"2017Q4","2017-12",745.9,11,13.7,877.7
Central,Supplies,"2014Q3","2014-07",40.7,7,7.0,40.6
Central,Supplies,"2014Q4","2014-12",374.6,9,9.0,374.4
Central,Supplies,"2015Q2","2015-05",92.2,12,12.0,92.4
Central,Supplies,"2016Q1","2016-03",3930.1,3,3.0,3930.0
Central,Supplies,"2016Q3","2016-09",20.6,3,3.0,20.7
Central,Supplies,"2017Q1","2017-02",7.0,4,4.0,7.2
Central,Supplies,"2017Q3","2017-08",23.8,3,3.0,23.7
Central,Supplies,"2017Q4","2017-11",25.5,3,3.0,25.5
Central,Tables,"2014Q1","2014-01",376.5,3,3.0,376.5
Central,Tables,"2014Q2","2014-05",489.2,2,6.0,601.1
Central,Tables,"2014Q2","2014-06",215.0,5,6.0,601.1
Central,Tables,"2014Q3","2014-07",899.6,9,9.0,900.0
Central,Tables,"2015Q3","2015-07",244.0,2,15.2,2060.3
Central,Tables,"2015Q3","2015-09",1646.8,12,15.2,2060.3
Central,Tables,"2015Q4","2015-10",802.0,2,2.0,802.0
Central,Tables,"2016Q1","2016-03",2812.7,12,12.0,2812.8
Central,Tables,"2016Q2","2016-04",177.2,5,9.0,708.7
Central,Tables,"2016Q2","2016-05",863.1,8,9.0,708.7
Central,Tables,"2016Q2","2016-06",146.0,2,9.0,708.7
Central,Tables,"2016Q3","2016-08",601.5,3,3.0,647.1
Central,Tables,"2016Q3","2016-09",692.9,3,3.0,647.1
Central,Tables,"2016Q4","2016-10",300.9,5,6.3,1713.4
Central,Tables,"2016Q4","2016-11",2678.9,6,6.3,1713.4
Central,Tables,"2017Q1","2017-02",913.4,5,5.0,913.5
Central,Tables,"2017Q3","2017-08",765.6,7,9.6,961.1
Central,Tables,"2017Q3","2017-09",828.0,9,9.6,961.1
Central,Tables,"2017Q4","2017-10",933.4,4,5.3,855.2
Central,Tables,"2017Q4","2017-11",512.2,5,5.3,855.2
East,Accessories,"2014Q1","2014-01",357.0,3,12.9,640.0
East,Accessories,"2014Q1","2014-02",391.0,12,12.9,640.0
East,Accessories,"2014Q1","2014-03",142.5,3,12.9,640.0
East,Accessories,"2014Q2","2014-04",615.4,13,15.1,851.9
East,Accessories,"2014Q2","2014-05",589.9,10,15.1,851.9
East,Accessories,"2014Q2","2014-06",316.8,4,15.1,851.9
East,Accessories,"2014Q3","2014-07",115.4,7,7.3,101.8
East,Accessories,"2014Q3","2014-09",64.7,6,7.3,101.8
East,Accessories,"2015Q1","2015-01",1435.3,9,10.8,918.8
East,Accessories,"2015Q1","2015-02",379.6,5,10.8,918.8
East,Accessories,"2015Q1","2015-03",136.3,9,10.8,918.8
East,Accessories,"2015Q2","2015-05",434.1,13,14.3,1335.6
East,Accessories,"2015Q2","2015-06",1619.9,9,14.3,1335.6
East,Accessories,"2015Q3","2015-07",769.8,15,18.7,1395.8
East,Accessories,"2015Q3","2015-08",80.0,1,18.7,1395.8
East,Accessories,"2015Q3","2015-09",1161.7,11,18.7,1395.8
East,Accessories,"2015Q4","2015-10",25.5,2,5.3,102.0
East,Accessories,"2015Q4","2015-11",137.1,5,5.3,102.0
East,Accessories,"2015Q4","2015-12",10.4,2,5.3,102.0
East,Accessories,"2016Q1","2016-01",579.0,12,13.0,751.3
East,Accessories,"2016Q1","2016-03",636.5,9,13.0,751.3
East,Accessories,"2016Q2","2016-04",328.1,6,7.3,328.5
East,Accessories,"2016Q2","2016-06",31.9,2,7.3,328.5
East,Accessories,"2016Q3","2016-07",319.9,8,9.0,345.0
East,Accessories,"2016Q3","2016-08",58.1,2,9.0,345.0
East,Accessories,"2016Q3","2016-09",199.8,5,9.0,345.0
East,Accessories,"2016Q4","2016-10",218.9,8,8.8,375.1
East,Accessories,"2016Q4","2016-11",335.9,8,8.8,375.1
East,Accessories,"2016Q4","2016-12",384.0,6,8.8,375.1
East,Accessories,"2017Q1","2017-01",20.4,3,17.4,797.1
East,Accessories,"2017Q1","2017-02",406.0,5,17.4,797.1
East,Accessories,"2017Q1","2017-03",671.6,16,17.4,797.1
East,Accessories,"2017Q2","2017-04",437.7,16,19.0,801.6
East,Accessories,"2017Q2","2017-05",595.8,12,19.0,801.6
East,Accessories,"2017Q2","2017-06",320.0,4,19.0,801.6
East,Accessories,"2017Q3","2017-07",981.6,18,18.9,1241.7
East,Accessories,"2017Q3","2017-08",267.8,10,18.9,1241.7
East,Accessories,"2017Q3","2017-09",1181.2,9,18.9,1241.7
East,Accessories,"2017Q4","2017-10",151.2,6,16.3,321.3
East,Accessories,"2017Q4","2017-11",263.6,14,16.3,321.3
East,Accessories,"2017Q4","2017-12",214.9,12,16.3,321.3
East,Appliances,"2014Q1","2014-01",610.1,5,5.3,388.2
East,Appliances,"2014Q1","2014-02",46.0,4,5.3,388.2
East,Appliances,"2014Q2","2014-04",117.5,6,8.6,178.2
East,Appliances,"2014Q2","2014-05",171.4,8,8.6,178.2
East,Appliances,"2014Q3","2014-08",16.8,2,2.0,16.8
East,Appliances,"2014Q4","2014-10",81.9,4,4.3,72.7
East,Appliances,"2014Q4","2014-11",35.9,3,4.3,72.7
East,Appliances,"2015Q1","2015-01",3.6,2,13.9,196.3
East,Appliances,"2015Q1","2015-03",179.5,11,13.9,196.3
East,Appliances,"2015Q2","2015-05",98.1,7,9.0,119.0
East,Appliances,"2015Q2","2015-06",8.4,1,9.0,119.0
East,Appliances,"2015Q3","2015-07",77.6,9,9.8,393.6
East,Appliances,"2015Q3","2015-08",113.9,2,9.8,393.6
East,Appliances,"2015Q3","2015-09",370.1,3,9.8,393.6
East,Appliances,"2015Q4","2015-10",62.0,2,11.3,594.2
East,Appliances,"2015Q4","2015-11",517.6,9,11.3,594.2
East,Appliances,"2016Q1","2016-01",902.0,3,12.0,1454.4
East,Appliances,"2016Q1","2016-02",61.4,3,12.0,1454.4
East,Appliances,"2016Q1","2016-03",1101.7,11,12.0,1454.4
East,Appliances,"2016Q3","2016-07",33.5,3,3.6,219.7
East,Appliances,"2016Q3","2016-08",207.5,1,3.6,219.7
East,Appliances,"2016Q4","2016-10",334.9,4,8.5,479.7
East,Appliances,"2016Q4","2016-11",460.7,8,8.5,479.7
East,Appliances,"2016Q4","2016-12",162.7,5,8.5,479.7
East,Appliances,"2017Q1","2017-01",17.5,5,13.0,273.2
East,Appliances,"2017Q1","2017-02",320.0,11,13.0,273.2
East,Appliances,"2017Q2","2017-04",32.7,3,5.6,203.4
East,Appliances,"2017Q2","2017-05",254.9,5,5.6,203.4
East,Appliances,"2017Q3","2017-07",100.9,7,7.6,91.0
East,Appliances,"2017Q3","2017-08",42.0,5,7.6,91.0
East,Appliances,"2017Q4","2017-10",621.9,11,11.4,336.2
East,Appliances,"2017Q4","2017-11",22.8,7,11.4,336.2
East,Appliances,"2017Q4","2017-12",90.9,7,11.4,336.2
East,Art,"2014Q1","2014-01",289.2,6,10.5,265.3
East,Art,"2014Q1","2014-02",84.6,9,10.5,265.3
East,Art,"2014Q1","2014-03",56.0,2,10.5,265.3
East,Art,"2014Q2","2014-05",99.6,15,19.2,126.9
East,Art,"2014Q2","2014-06",13.4,2,19.2,126.9
East,Art,"2014Q3","2014-07",8.6,3,9.8,30.4
East,Art,"2014Q3","2014-08",3.5,2,9.8,30.4
East,Art,"2014Q3","2014-09",30.8,9,9.8,30.4
East,Art,"2014Q4","2014-10",22.3,5,5.0,22.5
East,Art,"2015Q1","2015-02",9.8,3,3.3,46.2
East,Art,"2015Q1","2015-03",59.9,2,3.3,46.2
East,Art,"2015Q2","2015-04",26.6,5,15.2,97.4
East,Art,"2015Q2","2015-05",59.5,3,15.2,97.4
East,Art,"2015Q2","2015-06",54.2,14,15.2,97.4
East,Art,"2015Q3","2015-07",126.6,16,17.4,165.4
East,Art,"2015Q3","2015-08",51.3,7,17.4,165.4
East,Art,"2015Q3","2015-09",79.4,4,17.4,165.4
East,Art,"2015Q4","2015-10",48.1,14,15.8,56.8
East,Art,"2015Q4","2015-11",23.1,7,15.8,56.8
East,Art,"2015Q4","2015-12",47.7,12,15.8,56.8
East,Art,"2016Q1","2016-01",451.8,19,24.5,615.6
East,Art,"2016Q1","2016-02",75.5,2,24.5,615.6
East,Art,"2016Q2","2016-04",4.7,1,16.0,67.0
East,Art,"2016Q2","2016-05",53.0,13,16.0,67.0
East,Art,"2016Q2","2016-06",38.3,9,16.0,67.0
East,Art,"2016Q3","2016-07",3.6,2,10.9,74.2
East,Art,"2016Q3","2016-08",17.0,4,10.9,74.2
East,Art,"2016Q3","2016-09",87.4,10,10.9,74.2
East,Art,"2016Q4","2016-11",92.9,3,13.6,137.4
East,Art,"2016Q4","2016-12",48.5,11,13.6,137.4
East,Art,"2017Q1","2017-02",118.4,21,26.2,131.0
East,Art,"2017Q1","2017-03",12.2,5,26.2,131.0
East,Art,"2017Q2","2017-04",28.7,11,12.6,190.6
East,Art,"2017Q2","2017-06",227.9,6,12.6,190.6
East,Art,"2017Q3","2017-07",116.5,12,27.7,335.6
East,Art,"2017Q3","2017-08",347.5,26,27.7,335.6
East,Art,"2017Q3","2017-09",188.2,16,27.7,335.6
East,Art,"2017Q4","2017-10",28.5,9,16.1,238.6
East,Art,"2017Q4","2017-11",43.9,3,16.1,238.6
East,Art,"2017Q4","2017-12",311.8,14,16.1,238.6
East,Binders,"2014Q1","2014-01",101.0,12,18.8,193.8
East,Binders,"2014Q1","2014-02",66.0,11,18.8,193.8
East,Binders,"2014Q1","2014-03",256.8,18,18.8,193.8
East,Binders,"2014Q2","2014-04",52.1,4,17.9,195.0
East,Binders,"2014Q2","2014-05",92.8,12,17.9,195.0
East,Binders,"2014Q2","2014-06",194.5,15,17.9,195.0
East,Binders,"2014Q3","2014-07",16.1,3,3.3,56.2
East,Binders,"2014Q3","2014-08",68.5,2,3.3,56.2
East,Binders,"2014Q4","2014-10",124.6,9,15.4,221.8
East,Binders,"2014Q4","2014-11",18.3,5,15.4,221.8
East,Binders,"2014Q4","2014-12",260.1,14,15.4,221.8
East,Binders,"2015Q1","2015-01",137.0,10,16.4,426.5
East,Binders,"2015Q1","2015-02",34.3,6,16.4,426.5
East,Binders,"2015Q1","2015-03",633.2,15,16.4,426.5
East,Binders,"2015Q2","2015-04",99.1,11,32.3,322.8
East,Binders,"2015Q2","2015-05",317.2,29,32.3,322.8
East,Binders,"2015Q2","2015-06",14.8,3,32.3,322.8
East,Binders,"2015Q3","2015-07",130.1,17,20.3,784.8
East,Binders,"2015Q3","2015-08",500.1,18,20.3,784.8
East,Binders,"2015Q3","2015-09",1498.7,20,20.3,784.8
East,Binders,"2015Q4","2015-11",450.0,21,21.0,449.4
East,Binders,"2016Q1","2016-01",4464.2,15,28.7,3602.1
East,Binders,"2016Q1","2016-02",586.5,12,28.7,3602.1
East,Binders,"2016Q1","2016-03",1720.1,27,28.7,3602.1
East,Binders,"2016Q2","2016-04",801.6,18,22.7,884.8
East,Binders,"2016Q2","2016-05",27.4,13,22.7,884.8
East,Binders,"2016Q2","2016-06",1193.1,21,22.7,884.8
East,Binders,"2016Q3","2016-07",286.2,7,15.9,316.4
East,Binders,"2016Q3","2016-08",203.5,15,15.9,316.4
East,Binders,"2016Q3","2016-09",66.4,6,15.9,316.4
East,Binders,"2016Q4","2016-10",832.6,19,20.3,576.0
East,Binders,"2016Q4","2016-11",112.7,9,20.3,576.0
East,Binders,"2016Q4","2016-12",49.5,7,20.3,576.0
East,Binders,"2017Q1","2017-01",21.3,7,18.7,419.7
East,Binders,"2017Q1","2017-02",676.1,16,18.7,419.7
East,Binders,"2017Q1","2017-03",130.2,14,18.7,419.7
East,Binders,"2017Q2","2017-04",39.8,13,15.1,188.8
East,Binders,"2017Q2","2017-05",251.9,10,15.1,188.8
East,Binders,"2017Q2","2017-06",46.2,4,15.1,188.8
East,Binders,"2017Q3","2017-07",43.4,9,36.6,362.8
East,Binders,"2017Q3","2017-08",10.4,2,36.6,362.8
East,Binders,"2017Q3","2017-09",382.8,33,36.6,362.8
East,Binders,"2017Q4","2017-10",934.4,4,19.0,1097.2
East,Binders,"2017Q4","2017-11",814.5,12,19.0,1097.2
East,Binders,"2017Q4","2017-12",104.5,16,19.0,1097.2
East,Bookcases,"2014Q1","2014-02",883.9,5,5.0,593.0
East,Bookcases,"2014Q1","2014-03",302.4,5,5.0,593.0
East,Bookcases,"2014Q2","2014-04",353.6,2,2.0,353.6
East,Bookcases,"2014Q4","2014-10",350.0,7,8.0,632.4
East,Bookcases,"2014Q4","2014-11",522.0,4,8.0,632.4
East,Bookcases,"2015Q1","2015-02",452.4,5,6.3,512.2
East,Bookcases,"2015Q1","2015-03",35.5,1,6.3,512.2
East,Bookcases,"2015Q2","2015-05",352.4,5,6.3,539.5
East,Bookcases,"2015Q2","2015-06",585.9,6,6.3,539.5
East,Bookcases,"2015Q3","2015-08",4404.9,5,5.0,4405.0
East,Bookcases,"2015Q4","2015-10",362.0,2,8.6,1808.7
East,Bookcases,"2015Q4","2015-12",1525.5,7,8.6,1808.7
East,Bookcases,"2016Q1","2016-02",173.9,3,3.0,259.5
East,Bookcases,"2016Q1","2016-03",344.9,3,3.0,259.5
East,Bookcases,"2016Q2","2016-04",136.8,1,3.2,599.4
East,Bookcases,"2016Q2","2016-05",81.9,1,3.2,599.4
East,Bookcases,"2016Q2","2016-06",722.4,3,3.2,599.4
East,Bookcases,"2016Q3","2016-08",562.6,9,9.0,562.5
East,Bookcases,"2016Q4","2016-10",176.8,1,1.0,176.8
East,Bookcases,"2017Q1","2017-02",442.0,2,2.0,442.0
East,Bookcases,"2017Q2","2017-06",240.8,1,1.0,240.8
East,Bookcases,"2017Q3","2017-07",87.2,3,3.0,200.7
East,Bookcases,"2017Q3","2017-09",314.4,3,3.0,200.7
East,Bookcases,"2017Q4","2017-12",2154.9,5,5.0,2155.0
East,Chairs,"2014Q1","2014-01",909.7,6,8.6,710.2
East,Chairs,"2014Q1","2014-02",239.8,8,8.6,710.2
East,Chairs,"2014Q2","2014-04",725.3,6,6.3,1068.9
East,Chairs,"2014Q2","2014-05",1133.4,5,6.3,1068.9
East,Chairs,"2014Q3","2014-07",1044.5,6,7.3,1007.3
East,Chairs,"2014Q3","2014-08",236.6,3,7.3,1007.3
East,Chairs,"2014Q3","2014-09",785.9,6,7.3,1007.3
East,Chairs,"2014Q4","2014-11",854.9,3,7.0,3596.3
East,Chairs,"2014Q4","2014-12",3785.3,6,7.0,3596.3
East,Chairs,"2015Q1","2015-01",593.5,7,19.6,3005.4
East,Chairs,"2015Q1","2015-02",2842.1,14,19.6,3005.4
East,Chairs,"2015Q1","2015-03",2383.8,17,19.6,3005.4
East,Chairs,"2015Q2","2015-04",1110.3,14,22.1,2304.3
East,Chairs,"2015Q2","2015-05",2170.3,21,22.1,2304.3
East,Chairs,"2015Q2","2015-06",1611.3,12,22.1,2304.3
East,Chairs,"2015Q3","2015-07",715.2,3,4.3,878.0
East,Chairs,"2015Q3","2015-08",705.5,4,4.3,878.0
East,Chairs,"2015Q4","2015-10",542.9,3,9.6,773.8
East,Chairs,"2015Q4","2015-11",341.5,8,9.6,773.8
East,Chairs,"2016Q1","2016-01",2241.9,12,17.3,2380.5
East,Chairs,"2016Q1","2016-03",1612.1,16,17.3,2380.5
East,Chairs,"2016Q2","2016-05",1043.8,7,7.0,1043.7
East,Chairs,"2016Q3","2016-07",1101.5,7,7.0,932.4
East,Chairs,"2016Q3","2016-09",762.9,7,7.0,932.4
East,Chairs,"2016Q4","2016-11",704.1,8,23.9,3680.6
East,Chairs,"2016Q4","2016-12",3607.0,20,23.9,3680.6
East,Chairs,"2017Q1","2017-01",1296.1,5,7.6,1531.1
East,Chairs,"2017Q1","2017-02",1437.8,7,7.6,1531.1
East,Chairs,"2017Q1","2017-03",272.6,3,7.6,1531.1
East,Chairs,"2017Q2","2017-04",913.7,23,25.4,1218.0
East,Chairs,"2017Q2","2017-05",349.5,4,25.4,1218.0
East,Chairs,"2017Q2","2017-06",127.4,2,25.4,1218.0
East,Chairs,"2017Q3","2017-07",273.0,3,11.9,708.0
East,Chairs,"2017Q3","2017-08",537.4,11,11.9,708.0
East,Chairs,"2017Q3","2017-09",141.4,2,11.9,708.0
East,Chairs,"2017Q4","2017-11",63.7,1,11.6,3134.3
East,Chairs,"2017Q4","2017-12",2638.1,9,11.6,3134.3
East,Copiers,"2014Q1","2014-01",660.0,2,2.0,660.0
East,Copiers,"2014Q2","2014-06",560.0,1,1.0,560.0
East,Copiers,"2014Q3","2014-08",1800.0,5,5.3,1704.0
East,Copiers,"2014Q3","2014-09",1080.0,4,5.3,1704.0
East,Copiers,"2015Q3","2015-08",2799.9,7,7.0,2800.0
East,Copiers,"2015Q4","2015-10",800.0,2,2.0,640.0
East,Copiers,"2015Q4","2015-12",480.0,2,2.0,640.0
East,Copiers,"2016Q2","2016-04",5399.9,9,11.3,6026.5
East,Copiers,"2016Q2","2016-06",480.0,2,11.3,6026.5
East,Envelopes,"2014Q1","2014-02",11.4,2,6.0,22.1
East,Envelopes,"2014Q1","2014-03",14.5,5,6.0,22.1
East,Envelopes,"2014Q2","2014-05",348.5,7,7.0,348.6
East,Envelopes,"2014Q3","2014-09",30.7,3,3.0,30.6
East,Envelopes,"2014Q4","2014-11",201.4,3,3.0,201.3
East,Envelopes,"2015Q1","2015-02",51.1,4,6.6,69.2
East,Envelopes,"2015Q1","2015-03",52.5,6,6.6,69.2
East,Envelopes,"2015Q2","2015-04",17.9,3,5.6,45.8
East,Envelopes,"2015Q2","2015-05",46.8,5,5.6,45.8
East,Envelopes,"2015Q3","2015-07",24.4,2,7.3,33.6
East,Envelopes,"2015Q3","2015-09",12.2,6,7.3,33.6
East,Envelopes,"2015Q4","2015-12",42.7,3,3.0,42.6
East,Envelopes,"2016Q2","2016-05",109.7,7,7.0,109.9
East,Envelopes,"2016Q3","2016-08",17.1,3,3.6,24.1
East,Envelopes,"2016Q3","2016-09",9.3,1,3.6,24.1
East,Envelopes,"2016Q4","2016-10",361.9,4,14.6,461.4
East,Envelopes,"2016Q4","2016-12",144.4,12,14.6,461.4
East,Envelopes,"2017Q1","2017-01",104.7,5,11.6,132.5
East,Envelopes,"2017Q1","2017-02",66.8,10,11.6,132.5
East,Envelopes,"2017Q2","2017-04",17.0,1,1.0,17.0
East,Envelopes,"2017Q3","2017-07",4.9,3,3.0,31.2
East,Envelopes,"2017Q3","2017-09",57.6,3,3.0,31.2
East,Envelopes,"2017Q4","2017-10",10.9,3,3.0,10.8
East,Fasteners,"2014Q1","2014-01",5.7,2,2.0,5.6
East,Fasteners,"2014Q3","2014-07",5.9,4,4.0,6.0
East,Fasteners,"2014Q4","2014-11",10.5,6,6.0,10.8
East,Fasteners,"2015Q1","2015-01",3.2,2,2.0,3.2
East,Fasteners,"2015Q3","2015-07",33.4,11,12.3,40.6
East,Fasteners,"2015Q3","2015-09",26.4,7,12.3,40.6
East,Fasteners,"2016Q1","2016-01",16.7,7,7.0,16.8
East,Fasteners,"2016Q2","2016-06",7.2,2,2.0,7.2
East,Fasteners,"2016Q3","2016-07",24.6,10,12.6,32.8
East,Fasteners,"2016Q3","2016-08",6.0,2,12.6,32.8
East,Fasteners,"2016Q4","2016-11",15.3,7,7.3,18.3
East,Fasteners,"2016Q4","2016-12",16.8,6,7.3,18.3
East,Fasteners,"2017Q1","2017-02",21.5,9,11.3,30.4
East,Fasteners,"2017Q1","2017-03",8.0,2,11.3,30.4
East,Fasteners,"2017Q2","2017-04",14.8,6,6.0,15.0
East,Fasteners,"2017Q4","2017-10",21.3,5,5.8,20.2
East,Fasteners,"2017Q4","2017-11",6.5,3,5.8,20.2
East,Fasteners,"2017Q4","2017-12",17.9,5,5.8,20.2
East,Furnishings,"2014Q1","2014-01",118.3,12,12.6,194.8
East,Furnishings,"2014Q1","2014-02",220.8,10,12.6,194.8
East,Furnishings,"2014Q2","2014-04",98.4,6,7.3,339.4
East,Furnishings,"2014Q2","2014-05",273.6,2,7.3,339.4
East,Furnishings,"2014Q3","2014-07",241.3,9,20.9,290.9
East,Furnishings,"2014Q3","2014-09",134.7,18,20.9,290.9
East,Furnishings,"2014Q4","2014-10",254.9,5,22.2,406.7
East,Furnishings,"2014Q4","2014-11",166.3,18,22.2,406.7
East,Furnishings,"2015Q1","2015-01",384.1,7,13.6,600.9
East,Furnishings,"2015Q1","2015-03",454.3,12,13.6,600.9
East,Furnishings,"2015Q2","2015-04",263.9,13,13.8,541.9
East,Furnishings,"2015Q2","2015-05",588.3,7,13.8,541.9
East,Furnishings,"2015Q2","2015-06",283.7,9,13.8,541.9
East,Furnishings,"2015Q3","2015-08",99.6,12,12.6,198.6
East,Furnishings,"2015Q3","2015-09",245.2,10,12.6,198.6
East,Furnishings,"2015Q4","2015-11",534.7,19,24.5,674.4
East,Furnishings,"2015Q4","2015-12",43.3,2,24.5,674.4
East,Furnishings,"2016Q1","2016-01",322.3,10,17.1,429.8
East,Furnishings,"2016Q1","2016-02",339.7,15,17.1,429.8
East,Furnishings,"2016Q1","2016-03",66.7,4,17.1,429.8
East,Furnishings,"2016Q2","2016-04",146.6,3,12.9,607.7
East,Furnishings,"2016Q2","2016-05",96.2,3,12.9,607.7
East,Furnishings,"2016Q2","2016-06",603.7,12,12.9,607.7
East,Furnishings,"2016Q3","2016-07",63.7,8,10.2,270.9
East,Furnishings,"2016Q3","2016-08",113.6,8,10.2,270.9
East,Furnishings,"2016Q3","2016-09",513.3,10,10.2,270.9
East,Furnishings,"2016Q4","2016-10",148.3,7,20.1,207.3
East,Furnishings,"2016Q4","2016-11",85.3,18,20.1,207.3
East,Furnishings,"2016Q4","2016-12",157.9,13,20.1,207.3
East,Furnishings,"2017Q1","2017-01",201.7,12,12.3,235.1
East,Furnishings,"2017Q1","2017-02",159.9,9,12.3,235.1
East,Furnishings,"2017Q1","2017-03",211.7,9,12.3,235.1
East,Furnishings,"2017Q2","2017-04",99.1,7,8.8,152.0
East,Furnishings,"2017Q2","2017-05",121.6,7,8.8,152.0
East,Furnishings,"2017Q2","2017-06",72.0,3,8.8,152.0
East,Furnishings,"2017Q3","2017-08",507.6,18,19.0,421.2
East,Furnishings,"2017Q3","2017-09",225.6,15,19.0,421.2
East,Furnishings,"2017Q4","2017-10",361.4,5,9.8,379.2
East,Furnishings,"2017Q4","2017-11",174.3,3,9.8,379.2
East,Furnishings,"2017Q4","2017-12",121.0,9,9.8,379.2
East,Labels,"2014Q1","2014-02",50.5,13,14.6,55.6
East,Labels,"2014Q1","2014-03",29.5,8,14.6,55.6
East,Labels,"2014Q4","2014-11",14.4,5,5.0,14.5
East,Labels,"2015Q1","2015-02",23.7,2,2.0,23.6
East,Labels,"2015Q2","2015-05",23.9,6,6.0,24.0
East,Labels,"2015Q3","2015-09",12.4,3,3.0,12.3
East,Labels,"2015Q4","2015-10",7.3,1,6.8,48.7
East,Labels,"2015Q4","2015-11",31.0,3,6.8,48.7
East,Labels,"2015Q4","2015-12",33.3,6,6.8,48.7
East,Labels,"2016Q1","2016-01",51.2,3,14.9,120.9
East,Labels,"2016Q1","2016-03",70.8,12,14.9,120.9
East,Labels,"2016Q2","2016-05",22.5,6,6.0,22.8
East,Labels,"2016Q3","2016-07",59.4,7,7.3,91.0
East,Labels,"2016Q3","2016-08",14.8,4,7.3,91.0
East,Labels,"2016Q3","2016-09",125.8,5,7.3,91.0
East,Labels,"2016Q4","2016-10",32.8,12,12.0,32.4
East,Labels,"2017Q1","2017-01",15.9,4,6.8,23.1
East,Labels,"2017Q1","2017-02",18.9,6,6.8,23.1
East,Labels,"2017Q1","2017-03",19.7,6,6.8,23.1
East,Labels,"2017Q2","2017-05",20.5,6,14.0,80.9
East,Labels,"2017Q2","2017-06",83.8,12,14.0,80.9
East,Labels,"2017Q3","2017-07",120.8,8,12.0,99.4
East,Labels,"2017Q3","2017-09",36.2,11,12.0,99.4
East,Labels,"2017Q4","2017-11",20.7,2,4.6,25.6
East,Labels,"2017Q4","2017-12",12.1,4,4.6,25.6
East,Machines,"2014Q2","2014-04",3992.0,2,2.0,3992.0
East,Machines,"2014Q3","2014-07",399.5,4,4.0,399.6
East,Machines,"2014Q4","2014-10",102.0,2,2.3,133.2
East,Machines,"2014Q4","2014-12",70.0,1,2.3,133.2
East,Machines,"2015Q1","2015-02",1188.0,9,10.6,1365.3
East,Machines,"2015Q1","2015-03",482.3,4,10.6,1365.3
East,Machines,"2015Q3","2015-08",4643.8,4,5.3,4396.3
East,Machines,"2015Q3","2015-09",2786.9,5,5.3,4396.3
East,Machines,"2016Q1","2016-01",4899.9,7,8.3,4253.8
East,Machines,"2016Q1","2016-03",224.9,3,8.3,4253.8
East,Machines,"2016Q2","2016-04",1349.8,3,3.0,1349.7
East,Machines,"2016Q3","2016-07",4000.0,5,5.0,4000.0
East,Machines,"2016Q4","2016-10",342.0,3,3.0,342.0
East,Machines,"2017Q1","2017-01",1704.9,11,12.6,1324.4
East,Machines,"2017Q1","2017-03",78.7,6,12.6,1324.4
East,Machines,"2017Q2","2017-05",5200.0,4,4.0,5200.0
East,Paper,"2014Q1","2014-01",204.2,10,15.1,280.8
East,Paper,"2014Q1","2014-02",201.6,12,15.1,280.8
East,Paper,"2014Q1","2014-03",40.0,2,15.1,280.8
East,Paper,"2014Q2","2014-04",276.0,15,17.0,384.8
East,Paper,"2014Q2","2014-05",269.1,9,17.0,384.8
East,Paper,"2014Q3","2014-07",30.2,3,8.6,208.8
East,Paper,"2014Q3","2014-08",123.9,4,8.6,208.8
East,Paper,"2014Q3","2014-09",208.2,8,8.6,208.8
East,Paper,"2014Q4","2014-11",559.2,27,27.0,558.9
East,Paper,"2015Q1","2015-01",13.5,4,18.4,222.5
East,Paper,"2015Q1","2015-02",162.2,16,18.4,222.5
East,Paper,"2015Q1","2015-03",199.3,11,18.4,222.5
East,Paper,"2015Q2","2015-04",51.2,8,10.6,72.2
East,Paper,"2015Q2","2015-05",22.7,2,10.6,72.2
East,Paper,"2015Q2","2015-06",48.3,8,10.6,72.2
East,Paper,"2015Q3","2015-07",59.1,11,15.4,202.2
East,Paper,"2015Q3","2015-08",94.8,11,15.4,202.2
East,Paper,"2015Q3","2015-09",329.7,15,15.4,202.2
East,Paper,"2015Q4","2015-10",531.2,27,30.9,413.9
East,Paper,"2015Q4","2015-11",38.9,6,30.9,413.9
East,Paper,"2015Q4","2015-12",101.5,17,30.9,413.9
East,Paper,"2016Q1","2016-01",205.6,22,36.2,553.1
East,Paper,"2016Q1","2016-02",68.0,3,36.2,553.1
East,Paper,"2016Q1","2016-03",552.2,29,36.2,553.1
East,Paper,"2016Q2","2016-04",55.5,7,8.7,207.5
East,Paper,"2016Q2","2016-05",197.1,5,8.7,207.5
East,Paper,"2016Q2","2016-06",226.0,8,8.7,207.5
East,Paper,"2016Q3","2016-07",113.7,11,14.4,108.2
East,Paper,"2016Q3","2016-08",81.4,13,14.4,108.2
East,Paper,"2016Q3","2016-09",37.1,7,14.4,108.2
East,Paper,"2016Q4","2016-10",201.3,20,23.9,246.2
East,Paper,"2016Q4","2016-11",87.3,8,23.9,246.2
East,Paper,"2017Q1","2017-01",320.8,29,31.4,591.2
East,Paper,"2017Q1","2017-02",439.3,23,31.4,591.2
East,Paper,"2017Q1","2017-03",520.3,16,31.4,591.2
East,Paper,"2017Q2","2017-04",35.4,9,22.3,427.8
East,Paper,"2017Q2","2017-05",152.2,11,22.3,427.8
East,Paper,"2017Q2","2017-06",600.5,21,22.3,427.8
East,Paper,"2017Q3","2017-07",72.4,10,16.8,380.6
East,Paper,"2017Q3","2017-08",44.0,5,16.8,380.6
East,Paper,"2017Q3","2017-09",563.9,15,16.8,380.6
East,Paper,"2017Q4","2017-10",144.9,12,44.5,422.4
East,Paper,"2017Q4","2017-11",54.2,9,44.5,422.4
East,Paper,"2017Q4","2017-12",391.4,41,44.5,422.4
East,Phones,"2014Q1","2014-01",277.8,5,16.1,1114.2
East,Phones,"2014Q1","2014-02",664.2,15,16.1,1114.2
East,Phones,"2014Q1","2014-03",794.0,5,16.1,1114.2
East,Phones,"2014Q2","2014-04",405.9,8,9.3,587.8
East,Phones,"2014Q2","2014-05",352.7,4,9.3,587.8
East,Phones,"2014Q3","2014-07",410.4,6,7.6,594.8
East,Phones,"2014Q3","2014-09",135.5,1,7.6,594.8
East,Phones,"2014Q4","2014-11",362.8,6,6.0,363.0
East,Phones,"2015Q1","2015-01",863.8,8,9.8,754.4
East,Phones,"2015Q1","2015-02",191.8,6,9.8,754.4
East,Phones,"2015Q1","2015-03",100.5,1,9.8,754.4
East,Phones,"2015Q2","2015-04",1839.7,9,14.7,1517.3
East,Phones,"2015Q2","2015-05",523.0,14,14.7,1517.3
East,Phones,"2015Q2","2015-06",948.9,9,14.7,1517.3
East,Phones,"2015Q3","2015-07",2153.9,15,18.7,2754.4
East,Phones,"2015Q3","2015-08",658.0,5,18.7,2754.4
East,Phones,"2015Q3","2015-09",2189.9,14,18.7,2754.4
East,Phones,"2015Q4","2015-10",135.0,1,16.7,1156.4
East,Phones,"2015Q4","2015-11",876.0,5,16.7,1156.4
East,Phones,"2015Q4","2015-12",440.4,15,16.7,1156.4
East,Phones,"2016Q1","2016-01",377.0,12,12.6,935.9
East,Phones,"2016Q1","2016-02",861.9,7,12.6,935.9
East,Phones,"2016Q1","2016-03",760.7,8,12.6,935.9
East,Phones,"2016Q2","2016-04",90.5,2,12.9,1277.2
East,Phones,"2016Q2","2016-05",186.4,9,12.9,1277.2
East,Phones,"2016Q2","2016-06",1794.9,10,12.9,1277.2
East,Phones,"2016Q3","2016-07",683.9,8,8.4,430.2
East,Phones,"2016Q3","2016-08",108.6,4,8.4,430.2
East,Phones,"2016Q3","2016-09",24.0,4,8.4,430.2
East,Phones,"2016Q4","2016-10",1667.9,16,18.3,1758.4
East,Phones,"2016Q4","2016-11",1774.5,16,18.3,1758.4
East,Phones,"2016Q4","2016-12",700.0,11,18.3,1758.4
East,Phones,"2017Q1","2017-01",221.3,11,24.5,1989.4
East,Phones,"2017Q1","2017-02",2317.2,21,24.5,1989.4
East,Phones,"2017Q1","2017-03",137.0,1,24.5,1989.4
East,Phones,"2017Q2","2017-04",160.2,3,16.1,930.3
East,Phones,"2017Q2","2017-05",348.7,13,16.1,930.3
East,Phones,"2017Q2","2017-06",1052.4,11,16.1,930.3
East,Phones,"2017Q3","2017-07",1044.0,7,10.2,1817.5
East,Phones,"2017Q3","2017-08",342.5,4,10.2,1817.5
East,Phones,"2017Q3","2017-09",2189.9,9,10.2,1817.5
East,Phones,"2017Q4","2017-10",780.7,10,10.0,748.0
East,Phones,"2017Q4","2017-11",1022.7,10,10.0,748.0
East,Phones,"2017Q4","2017-12",440.7,10,10.0,748.0
East,Storage,"2014Q1","2014-01",67.0,4,12.0,113.5
East,Storage,"2014Q1","2014-03",66.0,10,12.0,113.5
East,Storage,"2014Q2","2014-04",43.6,1,13.4,1227.0
East,Storage,"2014Q2","2014-05",1517.2,12,13.4,1227.0
East,Storage,"2014Q2","2014-06",83.9,5,13.4,1227.0
East,Storage,"2014Q3","2014-07",129.7,5,6.1,1199.3
East,Storage,"2014Q3","2014-08",1676.9,6,6.1,1199.3
East,Storage,"2014Q3","2014-09",1325.8,5,6.1,1199.3
East,Storage,"2014Q4","2014-11",657.2,3,3.0,657.3
East,Storage,"2015Q1","2015-01",1088.8,6,10.5,877.6
East,Storage,"2015Q1","2015-02",85.5,2,10.5,877.6
East,Storage,"2015Q1","2015-03",248.4,9,10.5,877.6
East,Storage,"2015Q2","2015-05",1243.7,16,19.6,1720.6
East,Storage,"2015Q2","2015-06",601.6,5,19.6,1720.6
East,Storage,"2015Q3","2015-07",106.8,7,21.6,401.6
East,Storage,"2015Q3","2015-08",67.2,5,21.6,401.6
East,Storage,"2015Q3","2015-09",420.6,20,21.6,401.6
East,Storage,"2015Q4","2015-10",886.7,21,23.7,1444.9
East,Storage,"2015Q4","2015-11",851.5,5,23.7,1444.9
East,Storage,"2015Q4","2015-12",637.7,13,23.7,1444.9
East,Storage,"2016Q1","2016-01",524.9,5,10.1,1352.0
East,Storage,"2016Q1","2016-02",2189.1,9,10.1,1352.0
East,Storage,"2016Q1","2016-03",229.3,8,10.1,1352.0
East,Storage,"2016Q2","2016-04",739.8,16,17.4,1395.7
East,Storage,"2016Q2","2016-05",950.2,9,17.4,1395.7
East,Storage,"2016Q2","2016-06",714.3,5,17.4,1395.7
East,Storage,"2016Q3","2016-07",153.6,6,7.6,760.7
East,Storage,"2016Q3","2016-08",1031.2,5,7.6,760.7
East,Storage,"2016Q3","2016-09",11.2,1,7.6,760.7
East,Storage,"2016Q4","2016-10",179.0,11,14.3,852.5
East,Storage,"2016Q4","2016-11",214.0,14,14.3,852.5
East,Storage,"2016Q4","2016-12",1817.6,12,14.3,852.5
East,Storage,"2017Q1","2017-01",258.9,6,6.3,292.6
East,Storage,"2017Q1","2017-02",38.3,3,6.3,292.6
East,Storage,"2017Q1","2017-03",308.1,4,6.3,292.6
East,Storage,"2017Q2","2017-04",194.4,3,7.0,454.1
East,Storage,"2017Q2","2017-06",391.2,6,7.0,454.1
East,Storage,"2017Q3","2017-07",491.5,11,25.6,3384.4
East,Storage,"2017Q3","2017-08",3597.0,22,25.6,3384.4
East,Storage,"2017Q3","2017-09",2912.2,20,25.6,3384.4
East,Storage,"2017Q4","2017-10",286.2,5,5.7,311.3
East,Storage,"2017Q4","2017-11",95.5,4,5.7,311.3
East,Storage,"2017Q4","2017-12",221.0,2,5.7,311.3
East,Supplies,"2014Q1","2014-03",400.3,16,16.0,400.0
East,Supplies,"2014Q2","2014-05",18.6,2,3.3,30.6
East,Supplies,"2014Q2","2014-06",27.4,3,3.3,30.6
East,Supplies,"2014Q4","2014-11",7.3,2,2.0,7.2
East,Supplies,"2015Q1","2015-03",666.2,1,1.0,666.2
East,Supplies,"2015Q2","2015-05",27.2,4,4.0,27.2
East,Supplies,"2015Q3","2015-08",357.9,3,3.0,357.9
East,Supplies,"2016Q1","2016-01",85.7,14,14.0,85.4
East,Supplies,"2016Q2","2016-04",22.7,4,4.0,396.0
East,Supplies,"2016Q2","2016-05",769.2,4,4.0,396.0
East,Supplies,"2016Q4","2016-10",14.7,5,5.7,32.9
East,Supplies,"2016Q4","2016-11",13.5,2,5.7,32.9
East,Supplies,"2016Q4","2016-12",35.5,4,5.7,32.9
East,Supplies,"2017Q1","2017-02",389.0,4,4.0,388.8
East,Supplies,"2017Q2","2017-04",240.4,1,5.0,308.9
East,Supplies,"2017Q2","2017-06",70.1,4,5.0,308.9
East,Supplies,"2017Q4","2017-12",17.0,2,2.0,17.0
East,Tables,"2014Q2","2014-06",1146.5,6,6.0,1146.6
East,Tables,"2014Q3","2014-07",194.2,2,2.3,283.9
East,Tables,"2014Q3","2014-08",172.1,1,2.3,283.9
East,Tables,"2014Q4","2014-12",700.1,3,3.0,700.2
East,Tables,"2015Q3","2015-07",508.6,5,10.3,656.1
East,Tables,"2015Q3","2015-09",382.8,9,10.3,656.1
East,Tables,"2015Q4","2015-10",1018.1,4,5.3,842.2
East,Tables,"2015Q4","2015-11",199.8,4,5.3,842.2
East,Tables,"2015Q4","2015-12",209.7,1,5.3,842.2
East,Tables,"2016Q1","2016-01",1533.2,12,15.2,2106.0
East,Tables,"2016Q1","2016-03",400.0,2,15.2,2106.0
East,Tables,"2016Q2","2016-04",239.4,2,2.0,239.4
East,Tables,"2016Q4","2016-11",572.6,5,6.0,667.4
East,Tables,"2016Q4","2016-12",209.1,2,6.0,667.4
East,Tables,"2017Q1","2017-02",254.5,1,11.6,1424.5
East,Tables,"2017Q1","2017-03",973.4,9,11.6,1424.5
East,Tables,"2017Q2","2017-05",166.5,2,2.0,166.4
East,Tables,"2017Q3","2017-07",350.4,4,4.0,350.4
East,Tables,"2017Q4","2017-11",154.8,3,3.0,414.0
East,Tables,"2017Q4","2017-12",673.3,3,3.0,414.0
South,Accessories,"2014Q1","2014-02",805.9,11,11.0,806.3
South,Accessories,"2014Q2","2014-04",100.0,2,6.5,408.5
South,Accessories,"2014Q2","2014-05",527.8,6,6.5,408.5
South,Accessories,"2014Q2","2014-06",62.9,3,6.5,408.5
South,Accessories,"2014Q3","2014-08",140.3,10,10.0,140.0
South,Accessories,"2014Q4","2014-11",987.3,15,23.0,913.4
South,Accessories,"2014Q4","2014-12",446.8,21,23.0,913.4
South,Accessories,"2015Q2","2015-04",620.0,5,5.0,620.0
South,Accessories,"2015Q3","2015-09",72.6,5,5.0,72.5
South,Accessories,"2015Q4","2015-10",101.9,6,6.0,78.0
South,Accessories,"2015Q4","2015-11",53.7,6,6.0,78.0
South,Accessories,"2016Q1","2016-02",1012.7,3,3.0,1012.8
South,Accessories,"2016Q2","2016-05",281.4,9,13.0,500.8
South,Accessories,"2016Q2","2016-06",530.2,12,13.0,500.8
South,Accessories,"2016Q3","2016-07",100.0,4,12.0,187.6
South,Accessories,"2016Q3","2016-08",119.8,10,12.0,187.6
South,Accessories,"2016Q4","2016-12",270.6,8,8.0,270.4
South,Accessories,"2017Q1","2017-01",48.9,5,13.9,1770.4
South,Accessories,"2017Q1","2017-02",2609.9,13,13.9,1770.4
South,Accessories,"2017Q1","2017-03",388.4,6,13.9,1770.4
South,Accessories,"2017Q2","2017-04",96.0,3,8.3,403.4
South,Accessories,"2017Q2","2017-05",389.5,7,8.3,403.4
South,Accessories,"2017Q3","2017-07",750.0,8,8.0,544.0
South,Accessories,"2017Q3","2017-09",338.4,8,8.0,544.0
South,Accessories,"2017Q4","2017-10",600.0,3,3.0,600.0
South,Appliances,"2014Q1","2014-01",62.9,1,6.3,228.7
South,Appliances,"2014Q1","2014-02",154.9,5,6.3,228.7
South,Appliances,"2014Q2","2014-04",58.2,5,5.0,58.0
South,Appliances,"2014Q4","2014-11",146.8,3,13.6,510.0
South,Appliances,"2014Q4","2014-12",378.1,11,13.6,510.0
South,Appliances,"2015Q1","2015-02",197.7,4,4.0,197.6
South,Appliances,"2015Q2","2015-05",416.0,6,6.0,415.8
South,Appliances,"2015Q3","2015-07",152.9,3,3.0,120.3
South,Appliances,"2015Q3","2015-08",44.4,3,3.0,120.3
South,Appliances,"2015Q3","2015-09",163.4,3,3.0,120.3
South,Appliances,"2016Q1","2016-01",2104.6,7,9.6,1456.2
South,Appliances,"2016Q1","2016-02",309.5,9,9.6,1456.2
South,Appliances,"2016Q2","2016-04",87.2,2,2.0,87.2
South,Appliances,"2016Q3","2016-09",569.5,4,4.0,569.6
South,Appliances,"2016Q4","2016-11",671.5,3,3.6,802.6
South,Appliances,"2016Q4","2016-12",208.2,1,3.6,802.6
South,Appliances,"2017Q1","2017-01",20.8,3,28.2,211.3
South,Appliances,"2017Q1","2017-03",165.6,22,28.2,211.3
South,Appliances,"2017Q2","2017-04",167.4,2,3.1,414.7
South,Appliances,"2017Q2","2017-05",262.2,2,3.1,414.7
South,Appliances,"2017Q2","2017-06",499.6,3,3.1,414.7
South,Appliances,"2017Q3","2017-07",402.2,6,8.3,551.4
South,Appliances,"2017Q3","2017-08",647.8,8,8.3,551.4
South,Appliances,"2017Q3","2017-09",214.9,5,8.3,551.4
South,Appliances,"2017Q4","2017-10",90.7,4,17.2,1449.0
South,Appliances,"2017Q4","2017-11",1421.7,14,17.2,1449.0
South,Art,"2014Q1","2014-01",15.9,6,8.6,28.5
South,Art,"2014Q1","2014-02",8.6,2,8.6,28.5
South,Art,"2014Q1","2014-03",25.6,7,8.6,28.5
South,Art,"2014Q2","2014-04",15.6,3,20.7,70.4
South,Art,"2014Q2","2014-05",56.8,19,20.7,70.4
South,Art,"2014Q2","2014-06",18.3,5,20.7,70.4
South,Art,"2014Q4","2014-12",55.8,8,8.0,56.0
South,Art,"2015Q1","2015-01",172.7,6,7.3,166.4
South,Art,"2015Q1","2015-03",9.3,2,7.3,166.4
South,Art,"2015Q2","2015-04",37.0,4,4.0,41.6
South,Art,"2015Q2","2015-05",46.2,4,4.0,41.6
South,Art,"2015Q3","2015-07",140.7,4,17.7,299.6
South,Art,"2015Q3","2015-08",298.2,14,17.7,299.6
South,Art,"2015Q3","2015-09",85.3,13,17.7,299.6
South,Art,"2015Q4","2015-10",1.8,1,6.1,80.0
South,Art,"2015Q4","2015-11",117.1,4,6.1,80.0
South,Art,"2015Q4","2015-12",11.8,5,6.1,80.0
South,Art,"2016Q1","2016-01",46.8,12,12.9,52.9
South,Art,"2016Q1","2016-02",27.2,6,12.9,52.9
South,Art,"2016Q1","2016-03",16.7,4,12.9,52.9
South,Art,"2016Q2","2016-04",37.0,5,10.3,176.1
South,Art,"2016Q2","2016-05",202.3,9,10.3,176.1
South,Art,"2016Q3","2016-08",47.6,3,8.3,63.1
South,Art,"2016Q3","2016-09",27.9,7,8.3,63.1
South,Art,"2016Q4","2016-10",109.4,10,10.8,81.1
South,Art,"2016Q4","2016-11",6.7,3,10.8,81.1
South,Art,"2016Q4","2016-12",11.0,4,10.8,81.1
South,Art,"2017Q1","2017-02",120.9,11,13.0,150.2
South,Art,"2017Q1","2017-03",65.5,5,13.0,150.2
South,Art,"2017Q2","2017-04",4.3,2,7.1,71.8
South,Art,"2017Q2","2017-05",72.0,5,7.1,71.8
South,Art,"2017Q2","2017-06",54.7,6,7.1,71.8
South,Art,"2017Q3","2017-07",16.3,2,2.0,16.4
South,Art,"2017Q4","2017-11",40.1,12,12.0,39.6
South,Binders,"2014Q1","2014-01",5.2,6,7.7,827.9
South,Binders,"2014Q1","2014-02",1812.3,4,7.7,827.9
South,Binders,"2014Q1","2014-03",14.3,7,7.7,827.9
South,Binders,"2014Q2","2014-04",15.6,5,15.2,528.1
South,Binders,"2014Q2","2014-05",137.0,14,15.2,528.1
South,Binders,"2014Q2","2014-06",611.3,3,15.2,528.1
South,Binders,"2014Q4","2014-10",9.6,2,3.1,18.4
South,Binders,"2014Q4","2014-11",17.5,2,3.1,18.4
South,Binders,"2014Q4","2014-12",14.0,3,3.1,18.4
South,Binders,"2015Q1","2015-01",122.7,8,8.7,99.0
South,Binders,"2015Q1","2015-02",10.3,7,8.7,99.0
South,Binders,"2015Q1","2015-03",96.0,5,8.7,99.0
South,Binders,"2015Q2","2015-04",1606.3,10,11.8,829.6
South,Binders,"2015Q2","2015-05",165.0,6,11.8,829.6
South,Binders,"2015Q2","2015-06",50.1,10,11.8,829.6
South,Binders,"2015Q3","2015-07",1361.6,14,17.0,742.5
South,Binders,"2015Q3","2015-08",58.1,9,17.0,742.5
South,Binders,"2015Q3","2015-09",239.2,15,17.0,742.5
South,Binders,"2015Q4","2015-11",131.5,16,19.6,131.2
South,Binders,"2015Q4","2015-12",9.9,5,19.6,131.2
South,Binders,"2016Q1","2016-01",80.7,10,21.3,136.2
South,Binders,"2016Q1","2016-02",76.5,20,21.3,136.2
South,Binders,"2016Q1","2016-03",87.3,8,21.3,136.2
South,Binders,"2016Q2","2016-04",113.9,6,8.6,119.4
South,Binders,"2016Q2","2016-06",79.0,8,8.6,119.4
South,Binders,"2016Q3","2016-08",30.8,7,8.3,25.8
South,Binders,"2016Q3","2016-09",16.2,8,8.3,25.8
South,Binders,"2016Q4","2016-10",4.1,3,7.6,29.8
South,Binders,"2016Q4","2016-11",9.9,2,7.6,29.8
South,Binders,"2016Q4","2016-12",32.7,7,7.6,29.8
South,Binders,"2017Q1","2017-02",1714.0,21,23.6,1217.8
South,Binders,"2017Q1","2017-03",41.3,13,23.6,1217.8
South,Binders,"2017Q2","2017-04",121.2,12,33.3,329.7
South,Binders,"2017Q2","2017-05",268.9,9,33.3,329.7
South,Binders,"2017Q2","2017-06",123.7,31,33.3,329.7
South,Binders,"2017Q3","2017-07",58.6,11,12.4,1666.4
South,Binders,"2017Q3","2017-08",2691.0,3,12.4,1666.4
South,Binders,"2017Q3","2017-09",62.7,7,12.4,1666.4
South,Binders,"2017Q4","2017-10",73.2,18,18.8,312.3
South,Binders,"2017Q4","2017-11",477.5,11,18.8,312.3
South,Binders,"2017Q4","2017-12",131.6,12,18.8,312.3
South,Bookcases,"2014Q3","2014-08",155.5,4,4.0,155.6
South,Bookcases,"2016Q2","2016-05",240.0,2,2.0,240.0
South,Bookcases,"2016Q3","2016-08",616.9,7,7.0,616.7
South,Bookcases,"2017Q1","2017-01",314.4,3,3.3,369.7
South,Bookcases,"2017Q1","2017-03",241.6,2,3.3,369.7
South,Bookcases,"2017Q2","2017-06",505.7,6,6.0,505.8
South,Chairs,"2014Q2","2014-05",149.9,5,10.3,2004.4
South,Chairs,"2014Q2","2014-06",2573.8,9,10.3,2004.4
South,Chairs,"2014Q3","2014-08",170.4,3,3.0,170.4
South,Chairs,"2015Q1","2015-03",71.0,1,1.0,71.0
South,Chairs,"2015Q2","2015-04",392.9,3,5.6,492.7
South,Chairs,"2015Q2","2015-05",304.4,5,5.6,492.7
South,Chairs,"2015Q3","2015-07",283.9,4,4.0,284.0
South,Chairs,"2015Q4","2015-11",1123.9,5,9.0,1238.6
South,Chairs,"2015Q4","2015-12",670.1,8,9.0,1238.6
South,Chairs,"2016Q1","2016-02",187.1,9,10.6,860.6
South,Chairs,"2016Q1","2016-03",866.4,4,10.6,860.6
South,Chairs,"2016Q2","2016-06",208.0,2,2.0,208.0
South,Chairs,"2016Q3","2016-08",731.9,3,3.0,732.0
South,Chairs,"2016Q4","2016-12",1059.1,4,4.0,1059.2
South,Chairs,"2017Q1","2017-01",3022.3,8,8.6,2903.8
South,Chairs,"2017Q1","2017-02",1677.9,6,8.6,2903.8
South,Chairs,"2017Q2","2017-04",97.2,2,2.3,260.6
South,Chairs,"2017Q2","2017-06",239.2,1,2.3,260.6
South,Chairs,"2017Q3","2017-09",207.0,3,3.0,207.0
South,Chairs,"2017Q4","2017-11",64.8,1,1.0,64.8
South,Copiers,"2014Q1","2014-02",480.0,2,2.0,480.0
South,Copiers,"2016Q2","2016-04",960.0,4,4.0,960.0
South,Copiers,"2016Q4","2016-11",1599.9,8,8.0,1600.0
South,Copiers,"2017Q1","2017-03",960.0,2,2.0,960.0
South,Copiers,"2017Q3","2017-09",1400.0,2,2.0,1400.0
South,Envelopes,"2014Q4","2014-12",23.5,3,3.0,23.4
South,Envelopes,"2015Q1","2015-03",275.5,16,16.0,275.2
South,Envelopes,"2015Q2","2015-04",15.3,2,2.0,15.2
South,Envelopes,"2015Q3","2015-07",311.2,5,5.0,311.0
South,Envelopes,"2015Q4","2015-12",8.7,3,3.0,8.7
South,Envelopes,"2016Q1","2016-01",251.8,3,3.0,251.7
South,Envelopes,"2016Q2","2016-05",191.4,5,5.6,202.8
South,Envelopes,"2016Q2","2016-06",96.0,3,5.6,202.8
South,Envelopes,"2016Q3","2016-08",17.9,4,4.0,18.0
South,Envelopes,"2016Q4","2016-11",11.1,1,6.3,78.8
South,Envelopes,"2016Q4","2016-12",63.9,5,6.3,78.8
South,Envelopes,"2017Q1","2017-02",5.3,2,4.6,23.2
South,Envelopes,"2017Q1","2017-03",24.4,4,4.6,23.2
South,Envelopes,"2017Q2","2017-05",42.7,4,4.0,42.8
South,Envelopes,"2017Q3","2017-09",65.2,3,3.0,65.1
South,Fasteners,"2014Q1","2014-01",7.5,5,5.0,7.5
South,Fasteners,"2014Q2","2014-04",8.4,3,4.3,24.2
South,Fasteners,"2014Q2","2014-06",31.1,4,4.3,24.2
South,Fasteners,"2014Q3","2014-08",45.0,9,9.0,45.0
South,Fasteners,"2014Q4","2014-11",6.9,3,3.0,6.9
South,Fasteners,"2015Q2","2015-06",7.2,5,5.0,7.0
South,Fasteners,"2015Q3","2015-08",31.5,11,11.0,31.9
South,Fasteners,"2016Q1","2016-03",20.0,4,4.0,20.0
South,Fasteners,"2016Q2","2016-04",10.7,3,5.6,14.1
South,Fasteners,"2016Q2","2016-05",9.4,5,5.6,14.1
South,Fasteners,"2016Q3","2016-08",53.3,9,9.0,53.1
South,Fasteners,"2016Q4","2016-12",11.3,3,3.0,11.4
South,Fasteners,"2017Q3","2017-07",18.9,3,3.0,18.9
South,Fasteners,"2017Q4","2017-11",14.2,4,4.0,14.4
South,Furnishings,"2014Q1","2014-01",66.3,10,10.9,477.0
South,Furnishings,"2014Q1","2014-02",177.7,2,10.9,477.0
South,Furnishings,"2014Q1","2014-03",410.4,3,10.9,477.0
South,Furnishings,"2014Q2","2014-05",264.7,7,7.0,264.6
South,Furnishings,"2014Q3","2014-07",9.0,2,2.0,9.0
South,Furnishings,"2014Q4","2014-10",51.9,1,5.0,60.7
South,Furnishings,"2014Q4","2014-11",8.9,4,5.0,60.7
South,Furnishings,"2015Q1","2015-01",63.6,3,10.7,202.0
South,Furnishings,"2015Q1","2015-02",159.8,10,10.7,202.0
South,Furnishings,"2015Q1","2015-03",78.0,3,10.7,202.0
South,Furnishings,"2015Q2","2015-04",192.2,14,16.0,196.2
South,Furnishings,"2015Q2","2015-05",77.8,8,16.0,196.2
South,Furnishings,"2015Q3","2015-08",385.8,19,19.0,385.7
South,Furnishings,"2015Q4","2015-11",245.9,13,15.0,212.3
South,Furnishings,"2015Q4","2015-12",37.3,7,15.0,212.3
South,Furnishings,"2016Q1","2016-01",7.0,4,7.3,22.6
South,Furnishings,"2016Q1","2016-02",18.7,7,7.3,22.6
South,Furnishings,"2016Q1","2016-03",24.1,5,7.3,22.6
South,Furnishings,"2016Q2","2016-04",214.5,21,25.7,939.0
South,Furnishings,"2016Q2","2016-05",1258.1,18,25.7,939.0
South,Furnishings,"2016Q2","2016-06",167.8,6,25.7,939.0
South,Furnishings,"2016Q3","2016-08",262.3,7,7.0,262.5
South,Furnishings,"2016Q4","2016-11",76.9,4,4.0,76.8
South,Furnishings,"2017Q1","2017-01",128.0,3,10.4,139.7
South,Furnishings,"2017Q1","2017-02",51.4,7,10.4,139.7
South,Furnishings,"2017Q1","2017-03",75.1,9,10.4,139.7
South,Furnishings,"2017Q2","2017-04",32.0,2,8.6,72.4
South,Furnishings,"2017Q2","2017-06",43.7,7,8.6,72.4
South,Furnishings,"2017Q3","2017-07",340.5,9,10.0,227.1
South,Furnishings,"2017Q3","2017-08",56.3,6,10.0,227.1
South,Furnishings,"2017Q3","2017-09",14.1,3,10.0,227.1
South,Furnishings,"2017Q4","2017-10",65.0,13,14.4,141.4
South,Furnishings,"2017Q4","2017-11",123.4,6,14.4,141.4
South,Furnishings,"2017Q4","2017-12",17.1,2,14.4,141.4
South,Labels,"2014Q1","2014-01",65.4,15,15.0,66.0
South,Labels,"2014Q2","2014-05",14.6,2,4.6,22.8
South,Labels,"2014Q2","2014-06",15.0,4,4.6,22.8
South,Labels,"2014Q3","2014-09",30.1,8,8.0,30.4
South,Labels,"2014Q4","2014-10",2.9,1,1.0,4.4
South,Labels,"2014Q4","2014-11",7.3,1,1.0,4.4
South,Labels,"2014Q4","2014-12",3.0,1,1.0,4.4
South,Labels,"2015Q1","2015-03",294.9,3,3.0,294.9
South,Labels,"2015Q2","2015-05",11.8,3,3.0,11.7
South,Labels,"2015Q3","2015-07",25.1,2,4.8,23.0
South,Labels,"2015Q3","2015-08",14.0,4,4.8,23.0
South,Labels,"2015Q3","2015-09",9.2,4,4.8,23.0
South,Labels,"2015Q4","2015-11",196.6,2,2.0,100.8
South,Labels,"2015Q4","2015-12",5.0,2,2.0,100.8
South,Labels,"2016Q1","2016-01",4.0,1,1.0,4.0
South,Labels,"2016Q2","2016-04",24.0,7,8.6,47.4
South,Labels,"2016Q2","2016-05",25.1,2,8.6,47.4
South,Labels,"2016Q3","2016-07",7.8,3,3.0,7.8
South,Labels,"2017Q1","2017-01",10.9,5,5.2,18.1
South,Labels,"2017Q1","2017-02",14.9,3,5.2,18.1
South,Labels,"2017Q1","2017-03",12.4,3,5.2,18.1
South,Labels,"2017Q2","2017-04",4.9,2,6.0,108.1
South,Labels,"2017Q2","2017-06",122.1,5,6.0,108.1
South,Labels,"2017Q3","2017-08",20.7,2,6.0,35.3
South,Labels,"2017Q3","2017-09",20.9,5,6.0,35.3
South,Machines,"2014Q3","2014-08",210.0,3,3.3,1004.2
South,Machines,"2014Q3","2014-09",1300.0,2,3.3,1004.2
South,Machines,"2016Q1","2016-02",8750.0,5,5.0,8750.0
South,Machines,"2016Q3","2016-09",695.7,2,2.0,695.6
South,Machines,"2017Q1","2017-02",695.7,2,2.0,695.6
South,Machines,"2017Q2","2017-04",8649.0,6,6.0,8649.0
South,Paper,"2014Q1","2014-01",78.3,2,11.9,179.7
South,Paper,"2014Q1","2014-02",15.8,3,11.9,179.7
South,Paper,"2014Q1","2014-03",147.3,11,11.9,179.7
South,Paper,"2014Q2","2014-04",54.2,8,12.3,126.8
South,Paper,"2014Q2","2014-05",101.8,11,12.3,126.8
South,Paper,"2014Q2","2014-06",154.4,11,12.3,126.8
South,Paper,"2014Q3","2014-07",286.8,16,17.3,269.9
South,Paper,"2014Q3","2014-09",149.7,12,17.3,269.9
South,Paper,"2014Q4","2014-11",25.3,5,9.0,45.8
South,Paper,"2014Q4","2014-12",41.5,8,9.0,45.8
South,Paper,"2015Q1","2015-02",36.9,8,8.0,36.8
South,Paper,"2015Q2","2015-04",284.3,7,8.3,200.6
South,Paper,"2015Q2","2015-06",77.9,8,8.3,200.6
South,Paper,"2015Q3","2015-07",58.6,4,18.6,277.3
South,Paper,"2015Q3","2015-08",215.7,17,18.6,277.3
South,Paper,"2015Q3","2015-09",157.9,8,18.6,277.3
South,Paper,"2015Q4","2015-10",25.9,4,5.3,34.6
South,Paper,"2015Q4","2015-11",32.4,5,5.3,34.6
South,Paper,"2016Q1","2016-01",142.3,7,7.0,142.1
South,Paper,"2016Q2","2016-04",315.4,7,34.6,1101.7
South,Paper,"2016Q2","2016-05",1011.2,32,34.6,1101.7
South,Paper,"2016Q2","2016-06",197.8,9,34.6,1101.7
South,Paper,"2016Q3","2016-08",106.6,9,9.0,68.4
South,Paper,"2016Q3","2016-09",30.8,9,9.0,68.4
South,Paper,"2016Q4","2016-12",103.1,7,7.0,102.9
South,Paper,"2017Q1","2017-02",46.1,8,22.6,205.4
South,Paper,"2017Q1","2017-03",199.8,19,22.6,205.4
South,Paper,"2017Q2","2017-04",74.0,12,12.8,72.8
South,Paper,"2017Q2","2017-05",50.0,9,12.8,72.8
South,Paper,"2017Q2","2017-06",36.9,7,12.8,72.8
South,Paper,"2017Q3","2017-09",489.1,15,15.0,489.0
South,Paper,"2017Q4","2017-11",184.7,7,12.3,163.6
South,Paper,"2017Q4","2017-12",55.4,11,12.3,163.6
South,Phones,"2014Q1","2014-01",2532.7,22,24.3,2626.6
South,Phones,"2014Q1","2014-02",1470.9,15,24.3,2626.6
South,Phones,"2014Q2","2014-05",29.0,1,15.6,1777.1
South,Phones,"2014Q2","2014-06",1454.5,12,15.6,1777.1
South,Phones,"2014Q3","2014-07",830.9,8,10.0,1004.0
South,Phones,"2014Q3","2014-09",178.4,2,10.0,1004.0
South,Phones,"2014Q4","2014-11",588.0,3,3.0,588.0
South,Phones,"2015Q1","2015-02",74.2,1,2.3,139.3
South,Phones,"2015Q1","2015-03",105.6,2,2.3,139.3
South,Phones,"2015Q2","2015-06",173.9,6,6.0,174.0
South,Phones,"2015Q3","2015-07",495.0,3,5.6,509.6
South,Phones,"2015Q3","2015-08",226.2,5,5.6,509.6
South,Phones,"2015Q4","2015-11",249.6,2,3.3,270.3
South,Phones,"2015Q4","2015-12",156.8,3,3.3,270.3
South,Phones,"2016Q1","2016-01",885.7,11,11.0,885.5
South,Phones,"2016Q2","2016-04",202.6,6,17.9,1568.4
South,Phones,"2016Q2","2016-05",1635.1,15,17.9,1568.4
South,Phones,"2016Q3","2016-08",3674.3,17,20.9,3571.8
South,Phones,"2016Q3","2016-09",85.5,5,20.9,3571.8
South,Phones,"2016Q4","2016-10",519.7,7,7.0,519.4
South,Phones,"2017Q1","2017-01",295.9,8,10.6,857.3
South,Phones,"2017Q1","2017-03",1153.3,10,10.6,857.3
South,Phones,"2017Q2","2017-04",1575.9,16,19.9,2193.0
South,Phones,"2017Q2","2017-06",627.2,4,19.9,2193.0
South,Phones,"2017Q3","2017-07",441.6,4,4.5,452.0
South,Phones,"2017Q3","2017-08",158.4,3,4.5,452.0
South,Phones,"2017Q3","2017-09",499.2,4,4.5,452.0
South,Phones,"2017Q4","2017-10",39.0,3,4.3,69.6
South,Phones,"2017Q4","2017-11",73.6,4,4.3,69.6
South,Storage,"2014Q1","2014-01",69.5,2,4.2,268.7
South,Storage,"2014Q1","2014-02",356.9,2,4.2,268.7
South,Storage,"2014Q1","2014-03",87.6,4,4.2,268.7
South,Storage,"2014Q2","2014-04",587.4,10,12.6,642.6
South,Storage,"2014Q2","2014-05",24.6,2,12.6,642.6
South,Storage,"2014Q3","2014-09",83.2,3,3.0,83.1
South,Storage,"2015Q1","2015-01",61.7,4,4.0,61.6
South,Storage,"2015Q2","2015-06",146.7,3,3.0,146.7
South,Storage,"2015Q3","2015-08",517.0,4,4.6,424.5
South,Storage,"2015Q3","2015-09",30.8,2,4.6,424.5
South,Storage,"2015Q4","2015-10",1801.6,6,8.6,2115.8
South,Storage,"2015Q4","2015-11",1622.8,8,8.6,2115.8
South,Storage,"2016Q1","2016-01",56.4,5,5.0,56.5
South,Storage,"2016Q2","2016-04",175.2,6,11.3,594.4
South,Storage,"2016Q2","2016-05",665.8,10,11.3,594.4
South,Storage,"2016Q3","2016-08",387.7,5,5.0,387.5
South,Storage,"2016Q4","2016-11",566.5,7,17.6,1733.6
South,Storage,"2016Q4","2016-12",1599.6,15,17.6,1733.6
South,Storage,"2017Q1","2017-02",59.9,4,4.0,60.0
South,Storage,"2017Q2","2017-04",588.4,5,5.7,513.5
South,Storage,"2017Q2","2017-05",147.2,2,5.7,513.5
South,Storage,"2017Q2","2017-06",259.1,4,5.7,513.5
South,Storage,"2017Q3","2017-07",580.7,4,16.2,1083.9
South,Storage,"2017Q3","2017-08",61.7,5,16.2,1083.9
South,Storage,"2017Q3","2017-09",958.9,15,16.2,1083.9
South,Storage,"2017Q4","2017-10",1347.5,8,8.0,1347.2
South,Supplies,"2014Q2","2014-05",4164.0,5,5.0,4164.0
South,Supplies,"2014Q4","2014-12",5.6,2,2.0,5.6
South,Supplies,"2016Q1","2016-01",40.7,5,5.0,40.5
South,Supplies,"2016Q2","2016-04",220.4,4,4.0,220.4
South,Supplies,"2016Q3","2016-07",45.6,7,7.0,45.5
South,Supplies,"2016Q4","2016-10",20.6,2,2.0,20.6
South,Supplies,"2017Q1","2017-01",3.3,2,2.0,3.2
South,Supplies,"2017Q3","2017-09",8.8,3,3.0,8.7
South,Tables,"2014Q1","2014-03",945.0,6,6.0,945.0
South,Tables,"2014Q3","2014-08",1215.9,8,8.3,1474.4
South,Tables,"2014Q3","2014-09",1441.3,7,8.3,1474.4
South,Tables,"2014Q4","2014-11",1256.2,6,6.0,1256.4
South,Tables,"2015Q1","2015-01",302.0,2,2.0,302.0
South,Tables,"2015Q2","2015-06",86.0,1,1.0,86.0
South,Tables,"2015Q4","2015-11",957.6,5,5.0,957.5
South,Tables,"2016Q1","2016-01",370.6,3,3.0,561.9
South,Tables,"2016Q1","2016-02",472.5,3,3.0,561.9
South,Tables,"2016Q1","2016-03",842.9,3,3.0,561.9
South,Tables,"2016Q2","2016-04",876.3,10,12.3,2388.7
South,Tables,"2016Q2","2016-05",1652.9,3,12.3,2388.7
South,Tables,"2016Q3","2016-09",1136.8,10,10.0,1137.0
South,Tables,"2016Q4","2016-12",906.2,11,11.0,906.4
South,Tables,"2017Q1","2017-01",933.3,4,10.6,2990.9
South,Tables,"2017Q1","2017-02",2725.9,9,10.6,2990.9
South,Tables,"2017Q2","2017-04",523.8,3,3.0,523.8
South,Tables,"2017Q3","2017-07",1009.2,8,8.0,1009.6
South,Tables,"2017Q4","2017-11",721.9,6,7.0,910.2
South,Tables,"2017Q4","2017-12",452.9,3,7.0,910.2
West,Accessories,"2014Q1","2014-02",49.1,3,5.6,191.5
West,Accessories,"2014Q1","2014-03",222.3,5,5.6,191.5
West,Accessories,"2014Q2","2014-05",116.3,3,9.6,402.3
West,Accessories,"2014Q2","2014-06",343.0,8,9.6,402.3
West,Accessories,"2014Q3","2014-08",649.8,19,22.9,780.9
West,Accessories,"2014Q3","2014-09",235.8,7,22.9,780.9
West,Accessories,"2014Q4","2014-10",11.0,1,23.5,837.5
West,Accessories,"2014Q4","2014-11",664.6,18,23.5,837.5
West,Accessories,"2015Q1","2015-02",501.0,12,14.6,608.0
West,Accessories,"2015Q1","2015-03",577.3,14,14.6,608.0
West,Accessories,"2015Q2","2015-04",1110.0,5,9.6,767.5
West,Accessories,"2015Q2","2015-05",278.9,9,9.6,767.5
West,Accessories,"2015Q2","2015-06",46.3,4,9.6,767.5
West,Accessories,"2015Q3","2015-08",727.9,9,9.0,728.1
West,Accessories,"2015Q4","2015-10",126.6,6,10.8,283.6
West,Accessories,"2015Q4","2015-11",58.1,4,10.8,283.6
West,Accessories,"2015Q4","2015-12",339.8,10,10.8,283.6
West,Accessories,"2016Q1","2016-02",165.6,3,12.3,1792.2
West,Accessories,"2016Q1","2016-03",1732.9,10,12.3,1792.2
West,Accessories,"2016Q2","2016-05",667.7,16,18.9,628.3
West,Accessories,"2016Q2","2016-06",94.9,7,18.9,628.3
West,Accessories,"2016Q3","2016-07",659.9,6,17.9,1455.5
West,Accessories,"2016Q3","2016-09",1045.7,15,17.9,1455.5
West,Accessories,"2016Q4","2016-10",141.6,10,31.4,3062.2
West,Accessories,"2016Q4","2016-11",4293.1,29,31.4,3062.2
West,Accessories,"2016Q4","2016-12",152.0,8,31.4,3062.2
West,Accessories,"2017Q1","2017-01",124.7,6,59.2,4526.9
West,Accessories,"2017Q1","2017-02",656.1,11,59.2,4526.9
West,Accessories,"2017Q1","2017-03",4648.8,54,59.2,4526.9
West,Accessories,"2017Q2","2017-05",223.8,3,4.3,216.2
West,Accessories,"2017Q2","2017-06",125.9,4,4.3,216.2
West,Accessories,"2017Q3","2017-07",2031.4,28,31.9,1838.9
West,Accessories,"2017Q3","2017-08",595.5,20,31.9,1838.9
West,Accessories,"2017Q3","2017-09",659.9,9,31.9,1838.9
West,Accessories,"2017Q4","2017-10",512.8,20,36.5,1920.4
West,Accessories,"2017Q4","2017-11",1487.4,10,36.5,1920.4
West,Accessories,"2017Q4","2017-12",1310.7,33,36.5,1920.4
West,Appliances,"2014Q1","2014-03",2.6,1,1.0,2.6
West,Appliances,"2014Q2","2014-04",1179.9,9,10.0,950.6
West,Appliances,"2014Q2","2014-05",250.3,6,10.0,950.6
West,Appliances,"2014Q3","2014-08",132.8,7,7.6,157.6
West,Appliances,"2014Q3","2014-09",114.9,5,7.6,157.6
West,Appliances,"2014Q4","2014-11",30.8,3,3.0,30.9
West,Appliances,"2015Q2","2015-05",87.4,6,7.3,86.9
West,Appliances,"2015Q2","2015-06",7.8,2,7.3,86.9
West,Appliances,"2015Q4","2015-10",133.5,4,4.0,133.6
West,Appliances,"2016Q1","2016-01",76.1,4,6.3,618.6
West,Appliances,"2016Q1","2016-02",59.7,3,6.3,618.6
West,Appliances,"2016Q1","2016-03",1144.8,6,6.3,618.6
West,Appliances,"2016Q2","2016-05",58.2,4,4.0,58.4
West,Appliances,"2016Q3","2016-08",487.9,6,6.0,487.8
West,Appliances,"2016Q4","2016-10",344.1,13,15.4,416.5
West,Appliances,"2016Q4","2016-11",83.4,2,15.4,416.5
West,Appliances,"2016Q4","2016-12",220.1,9,15.4,416.5
West,Appliances,"2017Q1","2017-01",587.7,9,19.6,697.8
West,Appliances,"2017Q1","2017-02",337.5,17,19.6,697.8
West,Appliances,"2017Q2","2017-04",243.2,2,10.8,1366.5
West,Appliances,"2017Q2","2017-05",1656.5,9,10.8,1366.5
West,Appliances,"2017Q2","2017-06",380.8,7,10.8,1366.5
West,Appliances,"2017Q3","2017-07",1473.1,5,6.3,959.1
West,Appliances,"2017Q3","2017-08",150.6,5,6.3,959.1
West,Appliances,"2017Q3","2017-09",200.2,2,6.3,959.1
West,Appliances,"2017Q4","2017-10",400.8,5,14.9,998.3
West,Appliances,"2017Q4","2017-11",647.0,14,14.9,998.3
West,Appliances,"2017Q4","2017-12",626.8,6,14.9,998.3
West,Art,"2014Q1","2014-01",97.1,6,6.6,69.2
West,Art,"2014Q1","2014-03",6.7,4,6.6,69.2
West,Art,"2014Q2","2014-04",19.3,6,20.5,836.0
West,Art,"2014Q2","2014-05",1185.5,19,20.5,836.0
West,Art,"2014Q2","2014-06",178.9,9,20.5,836.0
West,Art,"2014Q3","2014-07",168.0,15,19.7,310.0
West,Art,"2014Q3","2014-08",309.7,10,19.7,310.0
West,Art,"2014Q3","2014-09",198.6,18,19.7,310.0
West,Art,"2014Q4","2014-10",339.0,11,11.5,210.5
West,Art,"2014Q4","2014-11",82.8,8,11.5,210.5
West,Art,"2014Q4","2014-12",54.6,7,11.5,210.5
West,Art,"2015Q1","2015-01",28.5,10,12.3,35.6
West,Art,"2015Q1","2015-03",8.8,3,12.3,35.6
West,Art,"2015Q2","2015-04",26.2,7,19.2,152.1
West,Art,"2015Q2","2015-05",23.8,8,19.2,152.1
West,Art,"2015Q2","2015-06",211.7,18,19.2,152.1
West,Art,"2015Q3","2015-08",8.7,3,3.0,8.7
West,Art,"2015Q4","2015-10",56.3,2,26.5,513.9
West,Art,"2015Q4","2015-11",464.6,24,26.5,513.9
West,Art,"2015Q4","2015-12",2.2,1,26.5,513.9
West,Art,"2016Q1","2016-01",23.0,8,11.5,32.2
West,Art,"2016Q1","2016-02",18.7,7,11.5,32.2
West,Art,"2016Q1","2016-03",30.7,11,11.5,32.2
West,Art,"2016Q2","2016-04",209.8,5,7.6,145.4
West,Art,"2016Q2","2016-06",18.7,7,7.6,145.4
West,Art,"2016Q3","2016-07",80.6,3,4.7,61.8
West,Art,"2016Q3","2016-08",23.4,4,4.7,61.8
West,Art,"2016Q3","2016-09",1.4,1,4.7,61.8
West,Art,"2016Q4","2016-10",14.7,5,5.3,24.0
West,Art,"2016Q4","2016-11",26.2,4,5.3,24.0
West,Art,"2017Q1","2017-01",7.6,1,40.0,323.8
West,Art,"2017Q1","2017-02",369.4,34,40.0,323.8
West,Art,"2017Q1","2017-03",51.4,18,40.0,323.8
West,Art,"2017Q2","2017-04",9.3,4,11.1,37.8
West,Art,"2017Q2","2017-05",2.8,1,11.1,37.8
West,Art,"2017Q2","2017-06",38.9,10,11.1,37.8
West,Art,"2017Q3","2017-07",26.0,1,10.1,56.8
West,Art,"2017Q3","2017-08",34.7,9,10.1,56.8
West,Art,"2017Q3","2017-09",17.7,4,10.1,56.8
West,Art,"2017Q4","2017-10",57.1,18,20.9,127.6
West,Art,"2017Q4","2017-11",145.8,13,20.9,127.6
West,Art,"2017Q4","2017-12",15.1,5,20.9,127.6
West,Binders,"2014Q1","2014-01",56.8,12,13.1,140.5
West,Binders,"2014Q1","2014-02",59.8,3,13.1,140.5
West,Binders,"2014Q1","2014-03",97.1,5,13.1,140.5
West,Binders,"2014Q2","2014-04",238.1,13,13.8,285.3
West,Binders,"2014Q2","2014-05",181.0,6,13.8,285.3
West,Binders,"2014Q2","2014-06",140.7,8,13.8,285.3
West,Binders,"2014Q3","2014-07",314.7,14,30.1,1583.9
West,Binders,"2014Q3","2014-08",15.1,6,30.1,1583.9
West,Binders,"2014Q3","2014-09",2144.8,27,30.1,1583.9
West,Binders,"2014Q4","2014-11",2043.2,3,16.2,2112.5
West,Binders,"2014Q4","2014-12",37.1,13,16.2,2112.5
West,Binders,"2015Q1","2015-01",74.5,7,27.2,296.9
West,Binders,"2015Q1","2015-02",258.7,25,27.2,296.9
West,Binders,"2015Q1","2015-03",144.4,12,27.2,296.9
West,Binders,"2015Q2","2015-04",32.6,4,13.1,73.6
West,Binders,"2015Q2","2015-05",84.9,12,13.1,73.6
West,Binders,"2015Q2","2015-06",12.4,7,13.1,73.6
West,Binders,"2015Q3","2015-07",30.0,9,9.0,67.5
West,Binders,"2015Q3","2015-08",105.6,9,9.0,67.5
West,Binders,"2015Q4","2015-10",56.1,7,7.3,93.2
West,Binders,"2015Q4","2015-11",110.5,4,7.3,93.2
West,Binders,"2015Q4","2015-12",39.0,5,7.3,93.2
West,Binders,"2016Q1","2016-01",2.5,1,36.5,233.4
West,Binders,"2016Q1","2016-02",266.4,29,36.5,233.4
West,Binders,"2016Q1","2016-03",57.0,21,36.5,233.4
West,Binders,"2016Q2","2016-04",32.8,6,42.8,739.7
West,Binders,"2016Q2","2016-05",536.0,25,42.8,739.7
West,Binders,"2016Q2","2016-06",587.7,36,42.8,739.7
West,Binders,"2016Q3","2016-07",181.7,15,26.9,263.3
West,Binders,"2016Q3","2016-08",173.1,23,26.9,263.3
West,Binders,"2016Q3","2016-09",55.4,4,26.9,263.3
West,Binders,"2016Q4","2016-10",688.7,36,51.7,640.5
West,Binders,"2016Q4","2016-11",499.3,46,51.7,640.5
West,Binders,"2016Q4","2016-12",81.2,20,51.7,640.5
West,Binders,"2017Q1","2017-01",401.8,60,74.5,2116.5
West,Binders,"2017Q1","2017-02",1213.3,54,74.5,2116.5
West,Binders,"2017Q1","2017-03",2127.1,18,74.5,2116.5
West,Binders,"2017Q2","2017-04",601.2,18,44.6,646.9
West,Binders,"2017Q2","2017-05",377.6,41,44.6,646.9
West,Binders,"2017Q2","2017-06",20.7,10,44.6,646.9
West,Binders,"2017Q3","2017-07",55.4,12,17.1,283.9
West,Binders,"2017Q3","2017-08",466.2,16,17.1,283.9
West,Binders,"2017Q3","2017-09",192.8,15,17.1,283.9
West,Binders,"2017Q4","2017-10",120.7,24,25.8,853.5
West,Binders,"2017Q4","2017-11",1649.4,17,25.8,853.5
West,Binders,"2017Q4","2017-12",315.6,22,25.8,853.5
West,Bookcases,"2014Q3","2014-09",342.5,3,3.0,342.6
West,Bookcases,"2014Q4","2014-12",563.5,6,6.0,563.4
West,Bookcases,"2015Q1","2015-02",512.5,3,5.6,701.2
West,Bookcases,"2015Q1","2015-03",480.2,5,5.6,701.2
West,Bookcases,"2015Q2","2015-05",770.8,8,8.0,771.2
West,Bookcases,"2015Q4","2015-11",69.6,4,4.0,69.6
West,Bookcases,"2016Q1","2016-03",205.7,2,2.0,205.6
West,Bookcases,"2016Q2","2016-04",1279.2,5,5.0,1279.0
West,Bookcases,"2016Q3","2016-09",556.7,5,5.0,556.5
West,Bookcases,"2016Q4","2016-10",90.9,3,3.0,90.9
West,Bookcases,"2017Q1","2017-01",624.6,10,17.0,862.8
West,Bookcases,"2017Q1","2017-02",460.1,14,17.0,862.8
West,Bookcases,"2017Q1","2017-03",239.7,2,17.0,862.8
West,Bookcases,"2017Q2","2017-05",90.0,3,3.0,90.0
West,Bookcases,"2017Q3","2017-07",307.7,2,16.4,2703.6
West,Bookcases,"2017Q3","2017-08",2834.5,15,16.4,2703.6
West,Bookcases,"2017Q3","2017-09",148.3,3,16.4,2703.6
West,Bookcases,"2017Q4","2017-10",718.1,7,11.0,712.3
West,Bookcases,"2017Q4","2017-11",384.4,10,11.0,712.3
West,Chairs,"2014Q1","2014-01",457.6,2,3.3,385.7
West,Chairs,"2014Q1","2014-03",122.4,3,3.3,385.7
West,Chairs,"2014Q2","2014-05",340.1,7,8.6,784.9
West,Chairs,"2014Q2","2014-06",478.5,2,8.6,784.9
West,Chairs,"2014Q3","2014-07",967.0,9,14.3,2036.3
West,Chairs,"2014Q3","2014-08",2165.4,13,14.3,2036.3
West,Chairs,"2014Q4","2014-10",2204.5,12,12.8,1778.8
West,Chairs,"2014Q4","2014-11",1150.1,8,12.8,1778.8
West,Chairs,"2014Q4","2014-12",252.7,6,12.8,1778.8
West,Chairs,"2015Q1","2015-01",4865.3,17,21.9,5750.9
West,Chairs,"2015Q1","2015-03",129.6,2,21.9,5750.9
West,Chairs,"2015Q2","2015-05",1245.0,8,9.6,1238.7
West,Chairs,"2015Q2","2015-06",170.4,3,9.6,1238.7
West,Chairs,"2015Q3","2015-07",190.7,1,5.4,419.0
West,Chairs,"2015Q3","2015-08",144.8,1,5.4,419.0
West,Chairs,"2015Q3","2015-09",203.9,5,5.4,419.0
West,Chairs,"2015Q4","2015-10",362.1,3,7.6,573.8
West,Chairs,"2015Q4","2015-11",192.0,7,7.6,573.8
West,Chairs,"2015Q4","2015-12",348.9,2,7.6,573.8
West,Chairs,"2016Q1","2016-01",194.8,4,6.2,768.2
West,Chairs,"2016Q1","2016-02",411.2,4,6.2,768.2
West,Chairs,"2016Q1","2016-03",1132.7,6,6.2,768.2
West,Chairs,"2016Q2","2016-04",755.1,4,4.2,497.2
West,Chairs,"2016Q2","2016-05",113.9,2,4.2,497.2
West,Chairs,"2016Q2","2016-06",81.4,2,4.2,497.2
West,Chairs,"2016Q3","2016-07",1891.1,8,8.7,1655.8
West,Chairs,"2016Q3","2016-08",662.9,3,8.7,1655.8
West,Chairs,"2016Q3","2016-09",122.4,3,8.7,1655.8
West,Chairs,"2016Q4","2016-10",442.4,3,22.6,2462.3
West,Chairs,"2016Q4","2016-11",1219.0,13,22.6,2462.3
West,Chairs,"2016Q4","2016-12",2152.9,19,22.6,2462.3
West,Chairs,"2017Q1","2017-01",559.8,7,18.1,1933.7
West,Chairs,"2017Q1","2017-02",2281.7,17,18.1,1933.7
West,Chairs,"2017Q1","2017-03",477.5,7,18.1,1933.7
West,Chairs,"2017Q2","2017-05",435.2,4,5.3,595.9
West,Chairs,"2017Q2","2017-06",571.7,5,5.3,595.9
West,Chairs,"2017Q3","2017-07",368.8,3,11.9,1090.0
West,Chairs,"2017Q3","2017-08",113.6,2,11.9,1090.0
West,Chairs,"2017Q3","2017-09",983.3,11,11.9,1090.0
West,Chairs,"2017Q4","2017-10",1502.9,9,17.4,3417.5
West,Chairs,"2017Q4","2017-11",3475.8,15,17.4,3417.5
West,Chairs,"2017Q4","2017-12",113.9,2,17.4,3417.5
West,Copiers,"2014Q3","2014-08",1200.0,3,3.0,1200.0
West,Copiers,"2015Q1","2015-01",960.0,2,2.0,960.0
West,Copiers,"2015Q2","2015-06",1120.0,2,2.0,1120.0
West,Copiers,"2015Q4","2015-11",640.0,4,4.0,640.0
West,Copiers,"2016Q1","2016-01",1500.0,5,6.0,2133.7
West,Copiers,"2016Q1","2016-02",1000.0,2,6.0,2133.7
West,Copiers,"2016Q2","2016-04",2800.0,5,5.0,2800.0
West,Copiers,"2016Q3","2016-07",3999.9,8,8.0,4000.0
West,Copiers,"2017Q3","2017-08",4559.9,9,11.3,5166.2
West,Copiers,"2017Q3","2017-09",480.0,2,11.3,5166.2
West,Copiers,"2017Q4","2017-12",300.0,1,1.0,300.0
West,Envelopes,"2014Q1","2014-02",12.8,6,7.3,21.9
West,Envelopes,"2014Q1","2014-03",11.2,2,7.3,21.9
West,Envelopes,"2014Q4","2014-10",195.1,12,15.6,243.0
West,Envelopes,"2014Q4","2014-11",7.6,1,15.6,243.0
West,Envelopes,"2015Q2","2015-04",271.4,3,3.0,139.2
West,Envelopes,"2015Q2","2015-06",7.1,3,3.0,139.2
West,Envelopes,"2015Q4","2015-12",15.5,4,4.0,15.6
West,Envelopes,"2016Q1","2016-01",57.6,6,6.0,57.6
West,Envelopes,"2016Q2","2016-05",158.1,3,3.6,177.0
West,Envelopes,"2016Q2","2016-06",35.9,1,3.6,177.0
West,Envelopes,"2016Q4","2016-12",85.5,9,9.0,85.5
West,Envelopes,"2017Q1","2017-02",120.5,12,12.0,120.0
West,Envelopes,"2017Q2","2017-04",24.0,2,11.9,66.8
West,Envelopes,"2017Q2","2017-05",44.4,11,11.9,66.8
West,Envelopes,"2017Q2","2017-06",15.3,2,11.9,66.8
West,Envelopes,"2017Q4","2017-11",22.2,2,2.3,24.9
West,Envelopes,"2017Q4","2017-12",9.8,1,2.3,24.9
West,Fasteners,"2014Q1","2014-01",4.7,1,9.0,24.2
West,Fasteners,"2014Q1","2014-02",17.0,7,9.0,24.2
West,Fasteners,"2014Q2","2014-05",15.0,3,3.0,15.0
West,Fasteners,"2014Q3","2014-08",56.2,12,14.9,59.7
West,Fasteners,"2014Q3","2014-09",4.5,3,14.9,59.7
West,Fasteners,"2014Q4","2014-11",23.0,2,2.0,23.0
West,Fasteners,"2015Q3","2015-07",4.0,2,4.6,10.7
West,Fasteners,"2015Q3","2015-08",10.0,4,4.6,10.7
West,Fasteners,"2015Q4","2015-12",7.9,2,2.0,8.0
West,Fasteners,"2016Q1","2016-01",31.6,5,10.3,37.1
West,Fasteners,"2016Q1","2016-03",19.2,9,10.3,37.1
West,Fasteners,"2016Q2","2016-05",4.4,2,8.6,17.2
West,Fasteners,"2016Q2","2016-06",13.9,7,8.6,17.2
West,Fasteners,"2016Q3","2016-07",93.4,12,12.0,93.6
West,Fasteners,"2016Q4","2016-12",10.5,3,3.0,10.5
West,Fasteners,"2017Q1","2017-02",14.5,6,6.0,14.4
West,Fasteners,"2017Q2","2017-05",14.9,5,5.0,15.0
West,Fasteners,"2017Q3","2017-07",13.8,4,4.0,13.6
West,Fasteners,"2017Q4","2017-12",18.2,3,3.0,18.3
West,Furnishings,"2014Q1","2014-01",58.2,3,7.0,101.8
West,Furnishings,"2014Q1","2014-02",73.3,6,7.0,101.8
West,Furnishings,"2014Q2","2014-04",47.5,9,16.1,125.6
West,Furnishings,"2014Q2","2014-05",20.0,6,16.1,125.6
West,Furnishings,"2014Q2","2014-06",167.0,15,16.1,125.6
West,Furnishings,"2014Q3","2014-08",461.6,15,17.0,386.5
West,Furnishings,"2014Q3","2014-09",86.3,9,17.0,386.5
West,Furnishings,"2014Q4","2014-10",140.0,14,16.6,211.2
West,Furnishings,"2014Q4","2014-11",203.8,15,16.6,211.2
West,Furnishings,"2014Q4","2014-12",150.5,10,16.6,211.2
West,Furnishings,"2015Q1","2015-02",108.0,7,7.0,143.5
West,Furnishings,"2015Q1","2015-03",179.5,7,7.0,143.5
West,Furnishings,"2015Q2","2015-04",61.5,11,19.3,624.3
West,Furnishings,"2015Q2","2015-05",44.5,2,19.3,624.3
West,Furnishings,"2015Q2","2015-06",833.2,16,19.3,624.3
West,Furnishings,"2015Q3","2015-07",79.9,4,8.4,341.6
West,Furnishings,"2015Q3","2015-08",212.6,8,8.4,341.6
West,Furnishings,"2015Q3","2015-09",355.4,4,8.4,341.6
West,Furnishings,"2015Q4","2015-10",106.7,6,19.7,295.9
West,Furnishings,"2015Q4","2015-11",132.0,18,19.7,295.9
West,Furnishings,"2015Q4","2015-12",166.5,3,19.7,295.9
West,Furnishings,"2016Q1","2016-01",48.7,4,13.7,167.7
West,Furnishings,"2016Q1","2016-02",109.2,12,13.7,167.7
West,Furnishings,"2016Q1","2016-03",147.2,9,13.7,167.7
West,Furnishings,"2016Q2","2016-04",313.3,22,26.9,550.9
West,Furnishings,"2016Q2","2016-06",280.2,7,26.9,550.9
West,Furnishings,"2016Q3","2016-07",230.5,8,8.6,184.2
West,Furnishings,"2016Q3","2016-08",67.8,6,8.6,184.2
West,Furnishings,"2016Q4","2016-10",582.2,19,19.9,527.3
West,Furnishings,"2016Q4","2016-11",63.7,10,19.9,527.3
West,Furnishings,"2016Q4","2016-12",414.0,11,19.9,527.3
West,Furnishings,"2017Q1","2017-01",1174.8,32,35.5,1378.6
West,Furnishings,"2017Q1","2017-02",875.9,17,35.5,1378.6
West,Furnishings,"2017Q1","2017-03",896.9,27,35.5,1378.6
West,Furnishings,"2017Q2","2017-05",272.8,10,12.0,280.8
West,Furnishings,"2017Q2","2017-06",55.6,4,12.0,280.8
West,Furnishings,"2017Q3","2017-07",225.6,14,14.6,237.2
West,Furnishings,"2017Q3","2017-08",290.6,10,14.6,237.2
West,Furnishings,"2017Q3","2017-09",68.2,12,14.6,237.2
West,Furnishings,"2017Q4","2017-11",34.9,4,6.6,65.2
West,Furnishings,"2017Q4","2017-12",63.3,6,6.6,65.2
West,Labels,"2014Q1","2014-01",74.0,5,5.0,74.0
West,Labels,"2014Q2","2014-04",62.6,15,16.6,84.8
West,Labels,"2014Q2","2014-06",64.3,10,16.6,84.8
West,Labels,"2014Q3","2014-08",39.4,12,13.0,38.9
West,Labels,"2014Q3","2014-09",23.8,9,13.0,38.9
West,Labels,"2014Q4","2014-10",39.8,8,8.0,40.0
West,Labels,"2015Q2","2015-04",7.4,2,4.3,16.8
West,Labels,"2015Q2","2015-05",12.6,4,4.3,16.8
West,Labels,"2015Q2","2015-06",14.9,3,4.3,16.8
West,Labels,"2015Q3","2015-07",2.6,1,1.0,2.6
West,Labels,"2015Q4","2015-10",36.8,5,5.6,32.2
West,Labels,"2015Q4","2015-11",8.6,3,5.6,32.2
West,Labels,"2016Q1","2016-03",93.9,9,9.0,93.6
West,Labels,"2016Q2","2016-04",629.2,8,9.6,356.3
West,Labels,"2016Q2","2016-05",14.7,3,9.6,356.3
West,Labels,"2016Q2","2016-06",22.0,7,9.6,356.3
West,Labels,"2016Q3","2016-07",14.6,2,2.0,14.6
West,Labels,"2016Q4","2016-10",28.1,4,8.8,46.8
West,Labels,"2016Q4","2016-11",14.6,2,8.8,46.8
West,Labels,"2016Q4","2016-12",32.0,8,8.8,46.8
West,Labels,"2017Q1","2017-01",5.8,2,8.2,83.3
West,Labels,"2017Q1","2017-02",85.7,7,8.2,83.3
West,Labels,"2017Q1","2017-03",51.8,5,8.2,83.3
West,Labels,"2017Q2","2017-06",52.9,8,8.0,52.8
West,Labels,"2017Q3","2017-08",890.0,23,23.0,890.1
West,Labels,"2017Q4","2017-10",41.2,6,7.8,54.8
West,Labels,"2017Q4","2017-11",46.3,6,7.8,54.8
West,Labels,"2017Q4","2017-12",10.0,2,7.8,54.8
West,Machines,"2014Q2","2014-04",448.0,4,4.0,448.0
West,Machines,"2015Q1","2015-02",630.4,5,5.0,630.5
West,Machines,"2016Q1","2016-03",180.0,3,3.0,180.0
West,Machines,"2016Q2","2016-04",686.4,2,7.3,1268.7
West,Machines,"2016Q2","2016-06",703.7,6,7.3,1268.7
West,Machines,"2016Q3","2016-07",837.6,3,3.0,837.6
West,Machines,"2016Q4","2016-10",3357.6,3,3.0,3357.6
West,Machines,"2017Q1","2017-01",4800.0,2,14.4,5360.3
West,Machines,"2017Q1","2017-02",609.1,13,14.4,5360.3
West,Machines,"2017Q1","2017-03",2395.2,6,14.4,5360.3
West,Machines,"2017Q4","2017-10",96.0,2,6.0,411.1
West,Machines,"2017Q4","2017-11",385.8,5,6.0,411.1
West,Paper,"2014Q1","2014-01",21.4,5,5.6,80.8
West,Paper,"2014Q1","2014-03",93.0,3,5.6,80.8
West,Paper,"2014Q2","2014-04",644.8,15,15.9,472.5
West,Paper,"2014Q2","2014-05",181.0,9,15.9,472.5
West,Paper,"2014Q2","2014-06",94.4,7,15.9,472.5
West,Paper,"2014Q3","2014-07",190.8,8,21.4,315.1
West,Paper,"2014Q3","2014-08",75.1,7,21.4,315.1
West,Paper,"2014Q3","2014-09",247.0,20,21.4,315.1
West,Paper,"2014Q4","2014-10",128.1,14,15.3,201.7
West,Paper,"2014Q4","2014-11",123.9,4,15.3,201.7
West,Paper,"2014Q4","2014-12",12.0,2,15.3,201.7
West,Paper,"2015Q1","2015-01",32.4,5,5.0,32.5
West,Paper,"2015Q2","2015-06",296.0,26,26.0,296.4
West,Paper,"2015Q3","2015-07",13.0,2,13.9,158.7
West,Paper,"2015Q3","2015-08",135.0,11,13.9,158.7
West,Paper,"2015Q4","2015-10",45.4,7,27.0,289.0
West,Paper,"2015Q4","2015-11",195.5,11,27.0,289.0
West,Paper,"2015Q4","2015-12",220.9,25,27.0,289.0
West,Paper,"2016Q1","2016-01",153.4,5,18.7,451.3
West,Paper,"2016Q1","2016-02",96.6,14,18.7,451.3
West,Paper,"2016Q1","2016-03",569.6,15,18.7,451.3
West,Paper,"2016Q2","2016-04",206.9,11,25.2,630.7
West,Paper,"2016Q2","2016-05",96.1,2,25.2,630.7
West,Paper,"2016Q2","2016-06",570.5,22,25.2,630.7
West,Paper,"2016Q3","2016-07",90.1,8,27.3,232.2
West,Paper,"2016Q3","2016-08",192.5,25,27.3,232.2
West,Paper,"2016Q3","2016-09",32.0,4,27.3,232.2
West,Paper,"2016Q4","2016-10",519.9,45,49.2,506.8
West,Paper,"2016Q4","2016-11",43.9,8,49.2,506.8
West,Paper,"2016Q4","2016-12",52.4,7,49.2,506.8
West,Paper,"2017Q1","2017-01",198.5,25,32.3,332.3
West,Paper,"2017Q1","2017-02",248.1,30,32.3,332.3
West,Paper,"2017Q1","2017-03",429.3,30,32.3,332.3
West,Paper,"2017Q2","2017-04",38.5,7,32.5,575.6
West,Paper,"2017Q2","2017-05",167.9,7,32.5,575.6
West,Paper,"2017Q2","2017-06",570.9,30,32.5,575.6
West,Paper,"2017Q3","2017-07",269.1,7,36.3,912.0
West,Paper,"2017Q3","2017-08",733.9,31,36.3,912.0
West,Paper,"2017Q3","2017-09",504.4,22,36.3,912.0
West,Paper,"2017Q4","2017-10",13.0,2,39.0,561.0
West,Paper,"2017Q4","2017-11",340.9,33,39.0,561.0
West,Paper,"2017Q4","2017-12",423.3,19,39.0,561.0
West,Phones,"2014Q1","2014-01",2139.9,7,8.3,1547.6
West,Phones,"2014Q1","2014-02",648.0,8,8.3,1547.6
West,Phones,"2014Q2","2014-04",1066.3,12,14.6,1125.7
West,Phones,"2014Q2","2014-05",168.0,4,14.6,1125.7
West,Phones,"2014Q3","2014-08",832.2,11,24.2,3547.8
West,Phones,"2014Q3","2014-09",3848.9,21,24.2,3547.8
West,Phones,"2014Q4","2014-10",2077.1,18,36.6,3315.1
West,Phones,"2014Q4","2014-11",1241.5,13,36.6,3315.1
West,Phones,"2014Q4","2014-12",2575.7,34,36.6,3315.1
West,Phones,"2015Q1","2015-01",677.5,7,10.3,1066.1
West,Phones,"2015Q1","2015-02",591.8,10,10.3,1066.1
West,Phones,"2015Q1","2015-03",1212.8,7,10.3,1066.1
West,Phones,"2015Q2","2015-04",110.4,3,3.3,219.1
West,Phones,"2015Q2","2015-06",219.2,2,3.3,219.1
West,Phones,"2015Q3","2015-09",140.4,3,3.0,140.4
West,Phones,"2015Q4","2015-10",578.3,11,13.9,835.5
West,Phones,"2015Q4","2015-12",201.6,2,13.9,835.5
West,Phones,"2016Q1","2016-01",1199.7,4,8.0,1902.8
West,Phones,"2016Q1","2016-02",1424.7,7,8.0,1902.8
West,Phones,"2016Q2","2016-04",551.8,8,29.2,4015.2
West,Phones,"2016Q2","2016-05",406.1,7,29.2,4015.2
West,Phones,"2016Q2","2016-06",4823.0,27,29.2,4015.2
West,Phones,"2016Q3","2016-07",624.0,5,13.4,959.9
West,Phones,"2016Q3","2016-08",108.0,1,13.4,959.9
West,Phones,"2016Q3","2016-09",555.4,12,13.4,959.9
West,Phones,"2016Q4","2016-10",4174.9,9,12.8,2381.9
West,Phones,"2016Q4","2016-11",603.1,7,12.8,2381.9
West,Phones,"2016Q4","2016-12",446.7,12,12.8,2381.9
West,Phones,"2017Q1","2017-01",982.3,9,18.3,1178.7
West,Phones,"2017Q1","2017-02",630.1,16,18.3,1178.7
West,Phones,"2017Q2","2017-04",232.7,9,11.4,505.7
West,Phones,"2017Q2","2017-05",402.4,8,11.4,505.7
West,Phones,"2017Q2","2017-06",206.4,2,11.4,505.7
West,Phones,"2017Q3","2017-07",3134.7,38,41.9,3443.8
West,Phones,"2017Q3","2017-08",120.7,3,41.9,3443.8
West,Phones,"2017Q3","2017-09",444.8,4,41.9,3443.8
West,Phones,"2017Q4","2017-10",666.2,14,20.6,858.6
West,Phones,"2017Q4","2017-11",384.6,20,20.6,858.6
West,Phones,"2017Q4","2017-12",994.5,15,20.6,858.6
West,Storage,"2014Q1","2014-01",443.9,5,6.0,688.9
West,Storage,"2014Q1","2014-02",362.9,2,6.0,688.9
West,Storage,"2014Q2","2014-05",15.8,2,12.6,1397.3
West,Storage,"2014Q2","2014-06",1314.8,10,12.6,1397.3
West,Storage,"2014Q3","2014-07",717.2,15,22.4,912.7
West,Storage,"2014Q3","2014-08",963.2,21,22.4,912.7
West,Storage,"2014Q3","2014-09",558.1,19,22.4,912.7
West,Storage,"2014Q4","2014-10",636.4,3,16.1,618.0
West,Storage,"2014Q4","2014-11",119.0,11,16.1,618.0
West,Storage,"2014Q4","2014-12",280.1,13,16.1,618.0
West,Storage,"2015Q1","2015-01",323.5,10,16.4,381.1
West,Storage,"2015Q1","2015-02",270.3,14,16.4,381.1
West,Storage,"2015Q1","2015-03",31.4,3,16.4,381.1
West,Storage,"2015Q2","2015-04",27.0,2,5.7,731.0
West,Storage,"2015Q2","2015-05",62.8,4,5.7,731.0
West,Storage,"2015Q2","2015-06",1325.8,5,5.7,731.0
West,Storage,"2015Q3","2015-07",671.9,7,8.3,519.5
West,Storage,"2015Q3","2015-08",263.8,8,8.3,519.5
West,Storage,"2015Q4","2015-12",483.1,7,7.0,483.0
West,Storage,"2016Q1","2016-01",1112.9,3,11.6,1191.0
West,Storage,"2016Q1","2016-02",104.1,9,11.6,1191.0
West,Storage,"2016Q1","2016-03",935.9,9,11.6,1191.0
West,Storage,"2016Q2","2016-04",120.9,6,6.3,192.2
West,Storage,"2016Q2","2016-05",192.5,4,6.3,192.2
West,Storage,"2016Q2","2016-06",84.8,3,6.3,192.2
West,Storage,"2016Q3","2016-08",746.6,16,16.0,747.2
West,Storage,"2016Q4","2016-10",1758.0,27,32.8,2174.7
West,Storage,"2016Q4","2016-11",626.5,9,32.8,2174.7
West,Storage,"2017Q1","2017-01",186.5,3,38.4,2783.1
West,Storage,"2017Q1","2017-02",2840.6,28,38.4,2783.1
West,Storage,"2017Q1","2017-03",1173.1,27,38.4,2783.1
West,Storage,"2017Q2","2017-04",693.3,11,11.5,461.4
West,Storage,"2017Q2","2017-05",244.0,7,11.5,461.4
West,Storage,"2017Q2","2017-06",104.9,8,11.5,461.4
West,Storage,"2017Q3","2017-07",252.5,17,19.7,507.2
West,Storage,"2017Q3","2017-08",148.4,8,19.7,507.2
West,Storage,"2017Q3","2017-09",626.0,15,19.7,507.2
West,Storage,"2017Q4","2017-10",340.5,6,7.1,342.7
West,Storage,"2017Q4","2017-11",284.0,7,7.1,342.7
West,Storage,"2017Q4","2017-12",289.7,6,7.1,342.7
West,Supplies,"2014Q1","2014-02",15.4,2,2.0,15.4
West,Supplies,"2014Q3","2014-08",13.9,5,6.0,17.9
West,Supplies,"2014Q3","2014-09",7.4,2,6.0,17.9
West,Supplies,"2014Q4","2014-10",41.0,6,6.0,40.8
West,Supplies,"2015Q1","2015-01",35.1,2,2.0,35.2
West,Supplies,"2015Q4","2015-10",51.5,4,8.0,55.8
West,Supplies,"2015Q4","2015-12",25.8,7,8.0,55.8
West,Supplies,"2016Q1","2016-03",25.4,3,3.0,25.5
West,Supplies,"2016Q2","2016-04",17.6,7,7.3,44.7
West,Supplies,"2016Q2","2016-05",61.4,6,7.3,44.7
West,Supplies,"2016Q3","2016-07",11.4,2,2.0,11.4
West,Supplies,"2017Q1","2017-02",39.1,6,7.3,48.3
West,Supplies,"2017Q1","2017-03",47.3,7,7.3,48.3
West,Supplies,"2017Q3","2017-07",110.1,7,7.0,109.9
West,Supplies,"2017Q4","2017-12",266.6,5,5.0,266.5
West,Tables,"2014Q1","2014-03",1504.4,12,12.0,1504.8
West,Tables,"2014Q2","2014-04",573.7,4,4.0,751.2
West,Tables,"2014Q2","2014-06",929.0,4,4.0,751.2
West,Tables,"2014Q3","2014-08",602.1,4,10.6,1887.0
West,Tables,"2014Q3","2014-09",1706.2,9,10.6,1887.0
West,Tables,"2014Q4","2014-12",5703.0,24,24.0,5702.4
West,Tables,"2015Q1","2015-01",2918.4,15,16.0,2971.4
West,Tables,"2015Q1","2015-02",2103.9,12,16.0,2971.4
West,Tables,"2015Q3","2015-09",369.9,3,3.0,369.9
West,Tables,"2015Q4","2015-11",365.0,5,5.0,365.0
West,Tables,"2016Q1","2016-02",705.2,5,5.0,522.5
West,Tables,"2016Q1","2016-03",339.8,5,5.0,522.5
West,Tables,"2016Q2","2016-05",2613.5,15,15.0,2613.0
West,Tables,"2016Q3","2016-08",2080.7,9,9.0,2080.8
West,Tables,"2016Q4","2016-10",1335.7,4,10.8,2420.4
West,Tables,"2016Q4","2016-11",1794.8,10,10.8,2420.4
West,Tables,"2016Q4","2016-12",674.4,3,10.8,2420.4
West,Tables,"2017Q1","2017-01",2949.2,13,32.0,4783.7
West,Tables,"2017Q1","2017-02",236.5,2,32.0,4783.7
West,Tables,"2017Q1","2017-03",3252.5,28,32.0,4783.7
West,Tables,"2017Q2","2017-04",3101.5,12,13.4,3256.1
West,Tables,"2017Q2","2017-05",206.4,3,13.4,3256.1
West,Tables,"2017Q2","2017-06",2036.9,7,13.4,3256.1
West,Tables,"2017Q3","2017-08",1897.0,9,10.3,1673.7
West,Tables,"2017Q3","2017-09",1183.2,10,10.3,1673.7
West,Tables,"2017Q4","2017-10",1669.6,4,5.3,1156.6
West,Tables,"2017Q4","2017-12",285.5,5,5.3,1156.6
